4804 5974
1084 189 1205 294 A
1243 161 1250 176 .

310 398 388 466 lion
408 393 529 466 eumd
549 397 763 466 similitudines
783 385 934 480 qusedrm
955 399 1086 474 omont,
1108 396 1218 489 quidus
1238 393 1426 478 interpretes
1454 397 1538 462 ducti
1565 415 1659 463 unum
1685 399 1781 462 modo
1806 396 1976 481 Tigellino

309 520 407 584 ruere
427 526 614 598 rtetuerunt,
635 520 765 599 msjorer
785 523 888 580 umen
916 515 1178 580 dissimilitudines
1207 516 1387 598 diligentius
1416 517 1588 608 suquirenti
1614 537 1685 582 sese
1712 519 1872 594 offerunt·
1885 535 1975 596 quem
2007 596 2010 606 Ι

311 653 392 718 quse
412 638 560 722 inunum
579 636 770 716 eundemque
789 635 943 698 hominem
964 637 1154 703 convenient.
1196 633 1349 712 Tigellius
1370 633 1484 696 Surdus
1511 637 1543 698 ln
1570 637 1701 699 Sotirse
1718 637 1826 698 lertise
1848 587 1995 698 exordi'¹

309 761 344 818 ut
365 758 508 839 egregius
530 761 637 818 centor
657 755 857 828 describio1r3
894 755 984 816 οιίιιιι
1004 753 1086 834 sputi
1113 752 1294 814 Ciceronem
1319 751 1421 814 bellus
1453 755 1566 816 tibicen
1596 759 1629 814 et
1656 761 1705 832 snt
1732 755 1830 815 bonus
1859 757 1974 817 centor.

308 873 400 936 Hsud
421 875 523 936 medus
545 871 701 954 Tigellius
722 874 933 953 Hermogenes
954 870 1018 931 Sui.
1038 869 1071 946 8,
1093 869 1165 932 lio.
1187 875 1293 932 cuntur
1313 875 1407 950 sique
1427 871 1603 934 modulator
1623 872 1768 952 optimos,
1797 872 1889 932 etium
1911 870 1976 932 Set.

309 991 364 1067 1⁰,
378 991 430 1052 18.
451 990 630 1072 pnlclrer
650 991 863 1072 Hermogenes
884 987 1066 1070 appelletur.
1108 987 1166 1050 llis
1189 1007 1264 1070 ergo
1284 989 1365 1051 inter
1386 1007 1421 1052 se
1442 991 1644 1066 conveniunt,
1665 989 1793 1052 eximius
1811 967 1921 1050 'centor
1943 992 1980 1050 et·

307 1106 442 1184 musicus
462 1115 606 1189 uterque,
626 1107 724 1170 bellus
745 1113 888 1189 uterque.
930 1106 994 1170 Sed
1015 1111 1118 1170 cetero
1138 1105 1268 1168 multum
1289 1108 1373 1170 inter
1393 1127 1428 1170 se
1449 1109 1536 1172 smlso
1568 1109 1692 1170 distrui.
1741 1105 1829 1200 illurn
1852 1106 1976 1185 pruriens

154 1250 157 1258 ·
206 1265 215 1278 ·
306 1233 462 1294 mortuum
483 1229 577 1306 pnite
596 1221 727 1322 propter
747 1230 939 1306 srrogsntorn
959 1226 992 1288 iu
1013 1225 1114 1306 ipsun
1137 1225 1298 1288 osunen
1320 1227 1536 1307 pertinacium,
1570 1245 1640 1314 qus,
1660 1244 1770 1288 ornem
1798 1243 1892 1305 saepe
1920 1224 1975 1286 des
2040 1227 2049 1234 '

307 1345 498 1420 tremuerit,
519 1351 586 1406 turn
606 1349 738 1424 propter
758 1345 891 1425 ingenii,
913 1344 1006 1420 sitne,
1038 1343 1140 1406 cultus
1165 1343 1430 1425 insequentum,
1450 1346 1609 1416 mimorum
1632 1345 1782 1424 denique,
1804 1359 1976 1404 momorum

310 1469 344 1526 et
363 1463 579 1526 docuistorum
599 1463 864 1538 cousuetudinem,
885 1461 923 1524 sd
943 1462 1039 1542 prisci
1059 1461 1141 1524 illios
1163 1461 1268 1526 lullse
1288 1464 1474 1545 exemplum,
1495 1463 1646 1526 stultitiae
1666 1462 1758 1524 titulo
1781 1465 1883 1534 notnt3
1919 1456 1976 1522 sed
1996 1497 2000 1504 ·

309 1582 388 1664 ejus,
410 1579 531 1660 qnslem
550 1579 584 1646 in
604 1580 671 1642 viro
692 1579 853 1661 primnrise
873 1581 1066 1658 conditionis,
1094 1581 1208 1664 insigni
1228 1583 1393 1664 praecipue
1419 1585 1553 1660 mimico,
1582 1569 1657 1643 cum'
1680 1586 1815 1660 utroque
1843 1578 1978 1640 Goessre

308 1699 448 1762 homines
469 1697 560 1760 isuilc
579 1698 797 1776 condonarent.
838 1699 881 1763 dt
902 1700 981 1762 enlm
1002 1716 1076 1762 reso
1097 1717 1223 1782 prorsus
1249 1701 1308 1764 slis
1335 1707 1423 1778 sunt,
1451 1719 1531 1782 quoe
1561 1701 1594 1766 in
1621 1699 1719 1760 ultero
1746 1695 1879 1780 Tigellio
1907 1694 1977 1758 riro

309 1821 402 1900 puers
423 1817 579 1898 mogitrt·
606 1815 697 1878 Hunc
719 1817 812 1894 enim,
832 1815 906 1879 licet
927 1819 995 1899 ejus
1016 1817 1179 1882 srtidcium
1199 1819 1320 1896 lsodot,
1347 1820 1380 1883 lu
1399 1819 1438 1882 ils
1460 1837 1539 1898 quse
1561 1818 1627 1900 ejus
1648 1835 1812 1898 personum
1831 1815 1977 1891 ritseque

310 1935 501 2001 conditiones
515 1935 655 2010 silincurt,
677 1935 790 2014 rubique
812 1933 974 2016 despeciui
993 1936 1098 2013 hriset,
1119 1955 1252 2017 eumque
1271 1943 1306 2000 ut
1325 1937 1481 2000 indoctum
1501 1931 1650 2006 ositiones,
1673 1934 1779 2014 inepte
1798 1931 1976 1995 curiositsie

308 2053 391 2117 circe
410 2053 489 2136 pilus
511 2057 543 2116 et
563 2051 704 2115 &bernus
724 2053 863 2114 lllsmmss
882 2059 1052 2133 regentem,
1074 2073 1143 2115 cum
1163 2055 1276 2134 ineptis
1297 2055 1393 2134 ipsius
1416 2053 1580 2128 sodslilsus,
1601 2051 1730 2128 Furnio,
1752 2049 1893 2125 Pmoun,
1912 2048 1975 2110 lie·

308 2173 420 2235 metrio
440 2189 460 2232 s
481 2187 516 2233 se
536 2171 690 2232 contemni
712 2187 787 2249 pree
806 2169 971 2232 minumus
990 2188 1065 2232 rere
1085 2170 1254 2247 doctorum,
1275 2171 1380 2265 Plotil,
1401 2167 1533 2252 Virgilii,
1554 2165 1657 2246 verri,
1680 2169 1793 2244 Fusci,
1821 2172 1854 2230 ei
1874 2165 1974 2228 isuto·

205 2357 208 2371 ‚
309 2307 378 2352 rum
399 2273 618 2368 potentiorum,
639 2285 838 2363 Maecenatis,
859 2283 1368 2362 Pollionlr‚lilessslselronoriiieis
1378 2285 1597 2368 desejudiciis
1609 2283 1977 2368 signidost‚illnmnutem

213 2449 217 2458 -
309 2402 1978 2489 unscomliemetriointerdiscipulnrumertlredrssjulretpiorsre(quocontemtimslgnilicstviotumcsntnrc

309 2525 450 2592 dooendo
472 2539 629 2604 qrroerere,
652 2523 735 2602 quod
756 2540 816 2604 ego
837 2540 898 2584 non
919 2527 983 2583 tom
1003 2501 1044 2584 de
1064 2521 1179 2585 scholis
1200 2525 1358 2586 mimsrum
1379 2543 1448 2586 cum
1470 2522 1681 2604 Scholcruq.
1701 2521 1874 2603 occeperim
1888 2535 1976 2600 ‹pusm

310 2661 379 2706 oum
399 2643 520 2704 Acrone
540 2641 581 2702 de
601 2641 676 2702 ludo
696 2639 865 2721 punilnnrm
885 2635 1110 2720 ingenuorum).
1151 2640 1280 2704 lisecnc
1300 2643 1498 2704 convenerint
1519 2643 1551 2702 in
1574 2641 1740 2722 superbum
1760 2643 1854 2704 lotum
1875 2643 1908 2700 et
1929 2636 1976 2699 is·

309 2761 471 2824 otidioeum
493 2757 634 2820 Occurris
654 2759 819 2836 utriusque
839 2757 1054 2830 convictorem,
1082 2773 1191 2834 regum
1212 2760 1245 2818 et
1264 2772 1426 2835 procerum
1447 2739 1601 2830 indolem,
1632 2775 1723 2836 quem
1749 2757 1808 2818 riri
1835 2752 1976 2820 consuls·

310 2895 364 2942 rss
395 2895 512 2940 sommo
532 2875 565 2938 iu
584 2875 743 2956 republica
763 2859 911 2956 dignitsto
932 2878 966 2934 et
986 2871 1138 2954 grnritste
1158 2877 1192 2936 ct
1211 2873 1407 2936 metuendum
1430 2878 1463 2936 et
1482 2871 1644 2936 colendum
1666 2874 1724 2938 sihi
1736 2869 1978 2936 urbitrsrentnri

311 2996 394 3074 isne,
402 2995 456 3076 qui
467 2993 614 3058 ducentos
625 3011 720 3073 snepe
730 3009 845 3068 servos,
851 2991 880 3054 si
886 2989 1057 3073 pouciores,
1068 2991 1224 3054 minimum
1234 2991 1341 3054 decem
1351 2988 1458 3086 oleret,
1474 2992 1587 3054 rictum
1600 2991 1658 3055 sili
1669 2991 1750 3056 inter
1762 2989 1995 3074 discipulsrum·

310 3115 473 3180 osthedrss
495 3112 644 3174 mntsndo
665 3091 852 3192 quaerereti
893 3109 1023 3172 Minime
1043 3107 1194 3190 gentium!
1215 3139 1260 3158 --
1277 3179 1282 3186 ‚
1300 3110 1430 3174 Accedit
1460 3110 1543 3190 quod
1570 3110 1649 3172 lrsec
1674 3110 1880 3192 Hermogenis
1907 3125 1977 3172 cum

310 3231 469 3297 Demetrio
490 3237 615 3294 crotore
635 3229 741 3292 intimo
763 3202 939 3312 conjunctio
960 3247 1000 3292 ex
1020 3226 1142 3292 ilorntii
1161 3228 1261 3309 ipsius
1282 3228 1459 3292 terdmonio
1480 3227 1512 3292 io
1534 3225 1703 3311 Tigellium
1723 3229 1809 3292 illuns
1831 3227 1979 3310 mojorem
2030 3233 2033 3244 '

311 3351 454 3420 oomnis
475 3351 615 3423 sinleum,
636 3345 870 3426 irsudqnsqusru
891 3347 1003 3410 cedere
1022 3351 1137 3426 potest.
1183 3321 1263 3410 lium
1290 3365 1359 3408 cum
1387 3365 1426 3410 ex
1454 3345 1693 3410 &hulduinum
1713 3347 1890 3408 testimonio
1911 3346 1977 3423 „si-

284 3479 289 3488 ·
311 3471 393 3546 puers
405 3468 477 3542 trie,
499 3463 557 3526 llil
576 3469 707 3541 praeter
732 3461 864 3522 Geinum
884 3471 919 3522 et
942 3463 1056 3523 ἀοοιιιι
1079 3467 1212 3522 emtore
1229 3443 1414 3524 carew
1444 3478 1506 3525 nou
1526 3463 1604 3526 silos
1625 3466 1667 3526 sit
1686 3469 1780 3542 strpoe
1799 3463 1850 3524 iric
1870 3464 1979 3524 nos'ter

310 3585 505 3652 Demetrius:
529 3578 680 3662 quomodo
702 3577 772 3640 deri
792 3577 958 3660 potuisset,
978 3581 1015 3638 ut
1035 3574 1190 3659 Tigellius
1211 3575 1329 3642 Surdus
1350 3579 1598 3662 conjunctissime
1618 3597 1688 3642 cum
1709 3597 1748 3642 eo
1768 3580 1902 3656 domet,
1923 3578 1978 3660 qul

310 3706 355 3771 nil
376 3704 437 3766 nisi
455 3699 595 3764 sororini
616 3697 716 3779 ipsius
737 3696 914 3772 serenati,
933 3695 1045 3758 iddnii
1067 3697 1153 3759 cdvi
1174 3698 1345 3778 podmstim
1366 3717 1386 3761 s
1405 3717 1468 3778 qno
1489 3695 1713 3778 Hipponacteo
1733 3697 1788 3760 illo
1808 3699 1976 3777 praeconio

311 3819 490 3908 grsvlssime
510 3818 613 3880 isesne
633 3815 748 3890 lueret,
768 3815 933 3880 deosntsre
951 3815 1156 3878 eomsesseti
1199 3815 1282 3878 ilinc
1303 3817 1369 3900 Jsm
1397 3822 1501 3900 potet,
1528 3823 1660 3900 propter
1686 3823 1877 3894 externorum
1898 3833 1976 3898 spuo·
2105 3791 2117 3802 ⁸

313 3943 375 4022 q'ue
393 3935 603 4002 conditionum
623 3933 832 3998 dirersitstem
850 3933 998 4018 mojorem
1017 3933 1103 3998 illum
1124 3931 1291 4018 Tigellium
1317 3953 1388 4002 oum
1419 3937 1481 4002 lsoe
1505 3935 1627 4001 minore
1652 3936 1776 4000 minim
1804 3953 1875 3999 esse
1901 3945 1974 4000 cou-

310 4053 508 4129 rudendum
1522 4065 1537 4142 J

354 4175 387 4239 ⁸.
429 4173 615 4252 lienique
634 4167 860 4234 nominituo
886 4185 1048 4252 quoqne
1072 4169 1183 4234 inter
1208 4186 1253 4236 se
1277 4169 1498 4252 differunt,
1532 4184 1662 4254 quornm
1689 4167 1888 4234 similitudine
1908 4169 2035 4253 aniz

313 4295 386 4362 ollm
406 4291 553 4356 ellectum
574 4293 633 4365 ost,
653 4293 690 4352 nt
709 4289 864 4352 smissmm
890 4305 1042 4370 personse
1067 4287 1102 4354 ln
1128 4307 1218 4352 unsm
1244 4291 1507 4356 eonmsdmentur.
1554 4289 1741 4380 liquidem
1767 4288 1936 4369 sntiqnitus
1955 4307 1977 4352 s

312 4411 494 4476 Scirollssils
512 4407 628 4472 iscium
648 4407 799 4481 ridemus.
820 4406 874 4486 qui
894 4405 1060 4488 Tigellium
1080 4403 1228 4485 Seruum,
1248 4410 1409 4500 utriusque
1431 4409 1572 4474 cannis
1592 4406 1731 4486 smloom
1750 4406 1797 4470 dl.
1810 4406 1977 4489 Tigellium

311 4531 539 4611 Hermogenem
559 4527 766 4606 sppollsrers,
787 4525 906 4588 secutis
925 4543 1026 4605 mous
1046 4525 1085 4588 sd
1106 4523 1271 4589 moeson
1290 4529 1409 4590 cunctis
1439 4527 1562 4592 llsrsiii
1587 4531 1684 4608 nique
1708 4525 1788 4590 sdeo
1812 4523 1975 4600 ciceronis

311 4647 349 4712 sd
369 4643 524 4728 Epistoiss
543 4643 633 4711 modo
653 4649 798 4725 findetur
817 4643 1050 4725 uterpnstuus.
1089 4641 1155 4707 flod
1181 4661 1245 4727 qno
1266 4645 1359 4729 jure,
1385 4663 1448 4720 uon
1474 4643 1584 4727 liquot.
1625 4645 1738 4710 cicero
1766 4649 1800 4708 st
1825 4643 1974 4708 iiorstios

311 4761 512 4830 cunerono
533 4753 624 4841 diirp
645 4767 739 4868 „apd
760 4780 800 4827 sc
820 4762 1026 4845 prodsdmimi
1044 4765 1158 4840 testes,
1178 4760 1387 4846 liermegesds
1406 4781 1574 4847 cognomn
1595 4763 1695 4830 Surdo
1714 4756 1761 4826 iili
1780 4761 1906 4826 nlnlms
1924 4749 1985 4823 in·'

308 4881 455 4952 dideruni,
478 4889 531 4936 Μ
550 4871 794 5024 Bw
819 4883 902 4965 epod
927 4881 1090 4953 mutum
1116 4861 1246 4966 morsm
1265 4881 1383 4951 Surdus
1401 4885 1584 4970 sppellstnr·
1629 4883 1738 4950 roms
1763 4899 1834 4948 cm
1861 4877 1916 4944 ills
1940 4879 1974 4944 ds
