4804 5974
1281 447 1305 510 4
1823 471 1837 510 s

462 657 577 720 riorum
591 669 748 718 censuum
760 649 941 724 roesrerim,
964 652 998 714 et
1011 645 1147 732 singulus
1166 646 1235 731 ejus
1256 651 1362 732 peries
1382 645 1481 728 probe
1500 644 1659 713 ditinum
1679 665 1715 712 so
1735 653 1891 732 seperatus
1913 649 2042 734 duguiis
2062 651 2129 719 suis

386 789 392 800 '
464 772 718 861 disputationibus
732 771 776 832 ita
790 745 1050 853 pertractsserlm,
1066 772 1103 828 ut
1121 767 1199 828 nibil
1217 768 1364 830 intectum
1379 769 1472 846 utque
1487 767 1710 850 inexploratum
1725 774 1898 844 rcmsuestr
1920 789 1981 851 quo
1995 771 2131 838 lectores

464 890 594 974 siugulis
609 889 751 971 Bentleji.
764 888 925 952 sententiis
940 891 1081 948 coeunte
1094 903 1214 948 mecum
1227 885 1360 968 cognitis
1374 891 1468 965 utque
1481 887 1656 948 exrminstis
1676 889 1742 948 tum
1763 888 1804 950 de
1826 888 1893 964 bis,
1920 893 1984 952 tum
2005 888 2047 952 de
2065 894 2133 954 tots

464 1011 533 1092 ejus
546 1009 666 1070 ratione
683 1026 772 1070 suum
786 1007 844 1068 sibi
859 1005 1020 1087 judicium,
1039 1022 1102 1068 uon
1120 1003 1317 1066 temersrluur
1336 1003 1393 1066 sed
1413 1004 1450 1066 sb
1470 1005 1552 1066 omni
1570 1008 1660 1086 parte
1680 1009 1850 1086 spectetum
1871 1011 1964 1086 utque
1981 1007 2132 1072 munitum

464 1127 585 1207 lingere
596 1127 726 1208 possint.
770 1124 944 1200 Postremo,
959 1141 1160 1203 quoscunque
1170 1121 1211 1184 de
1223 1121 1371 1184 librorum
1382 1121 1490 1185 ordine
1511 1141 1548 1185 sc
1563 1127 1703 1204 tempore
1723 1130 1776 1186 sut
1792 1123 1941 1187 bbtorics
1962 1123 2027 1188 dds
2046 1143 2131 1190 com·

465 1244 594 1328 probsts
607 1248 662 1309 sut
674 1241 825 1324 probabili
845 1242 1021 1326 conjecturs
1034 1239 1366 1316 dedniububebsmus,
1385 1259 1422 1304 es
1433 1240 1490 1303 sub
1508 1251 1601 1304 uuum
1617 1241 1705 1322 qussi
1724 1247 1922 1322 conspectum
1935 1245 2041 1306 vocatu
2058 1259 2133 1325 pro·

465 1361 553 1425 mere
564 1367 658 1441 etque
670 1359 824 1441 explicare
837 1378 942 1422 sumus
956 1359 1034 1420 ausi.
1057 1358 1165 1438 Qusin
1177 1377 1214 1420 re
1228 1357 1290 1420 boe
1302 1361 1468 1440 utrumque
1480 1357 1629 1422 lectorem
1641 1361 1866 1441 prsemouitum
1879 1359 1968 1422 solor
1990 1366 2132 1427 cemus·

465 1449 850 1544 mismodoliueisaosboc
862 1493 941 1558 opus
955 1475 1512 1568 detemporibusblologsrum
1525 1476 1739 1560 descripsisse,
1752 1483 1789 1539 ut
1802 1479 1900 1558 probe
1912 1478 2134 1563 intelligentes,

466 1598 604 1679 integrus
618 1595 755 1676 relinqui
768 1596 808 1658 de
823 1595 952 1678 siugulis
964 1595 1094 1676 Eulogis
1106 1595 1338 1676 disputetioues,
1354 1593 1460 1676 quales
1472 1597 1506 1658 in
1520 1595 1616 1660 ultera
1637 1597 1731 1678 hujus
1752 1597 2022 1662 commentationis
2043 1601 2134 1679 perte

415 1681 417 1686 Ι
466 1712 509 1778 de
522 1714 650 1797 siugulis
664 1713 832 1777 Sutirsmm
850 1713 1040 1794 temporibus
1053 1713 1255 1791 exhibuimus,
1276 1717 1309 1777 et
1327 1713 1360 1776 lu
1380 1711 1440 1778 bue
1458 1717 1560 1776 tamen
1579 1713 1743 1798 universali
1761 1720 1934 1796 temporum
1953 1714 2135 1782 delinitione

388 1909 392 1918 Ι
466 1830 617 1916 plerique
629 1833 696 1895 sols
710 1833 885 1914 conjecturs
897 1829 991 1908 edici,
1010 1833 1098 1914 cuius
1115 1835 1218 1896 tames
1237 1832 1371 1897 nocue·
1388 1849 1451 1916 uon
1469 1832 1660 1910 temersrles,
1676 1833 1732 1896 sed
1746 1833 1799 1896 diu
1813 1832 2004 1914 multumque
2013 1833 2135 1918 ponde·

466 1953 561 2026 rstss,
577 1951 690 2032 purtim
702 1951 736 2016 in
749 1950 800 2015 bis
813 1950 928 2016 ussuls
942 1950 1196 2034 disputetiuuibus
1211 1950 1418 2034 exposuimus,
1441 1951 1554 2034 psrtim
1570 1950 1677 2016 futuro
1691 1956 1833 2046 tempore
1846 1951 2039 2034 exponendus
2052 1951 2135 2018 reci·

466 2067 578 2150 pintus.

553 2251 799 2336 Disputationes
813 2226 949 2323 nostrum
964 2263 1072 2324 contre
1082 2256 1218 2344 licuthi
1231 2261 1365 2368 rutiones
1379 2260 1472 2325 modo
1489 2259 1666 2344 propositss
1681 2263 1812 2342 qmtuor
1824 2257 1964 2341 pertilrus
1973 2273 2015 2350 er
2027 2255 2136 2322 ordine

466 2387 573 2435 rerum
586 2371 815 2455 descripsimus.

408 2537 443 2602 8.
468 2557 477 2564 ·
555 2537 580 2600 1.
622 2539 838 2621 Bentlejus
858 2559 1071 2624 perperam
1092 2543 1268 2620 statuit,¹
1286 2543 1497 2606 llorrtium
1524 2560 1600 2606 uuo
1629 2543 1849 2624 eodemque
1869 2549 2049 2624 tempore
2067 2543 2135 2606 nul

468 2657 635 2718 nonnisi
655 2659 876 2738 podmstum
898 2663 1042 2744 generi
1063 2679 1228 2724 sscssse
1249 2666 1282 2722 et
1299 2679 1359 2742 per
1372 2659 1651 2741 siapulssuuorum
1671 2662 1770 2742 sputis
1790 2661 1835 2722 nil
1855 2661 1914 2722 uisi
1934 2659 2061 2738 Setirss,
2077 2679 2137 2743 per

468 2771 528 2836 alis
541 2773 681 2855 lipodos,
695 2794 754 2857 per
772 2776 832 2838 slis
850 2775 1017 2858 Epistulas,
1042 2778 1182 2843 Grrmim
1203 2777 1301 2858 lysios
1321 2783 1379 2842 etc.
1400 2779 1619 2860 composuisse.
1660 2779 1696 2840 ld
1719 2797 1788 2842 cum
1808 2781 1950 2861 poitiers
1965 2779 2088 2856 rstionl,
2102 2779 2135 2844 lu

378 2906 381 2914 ·
403 2967 406 2975 Ι
468 2885 640 2970 llorstiauo
655 2893 777 2972 quidem
792 2913 918 2974 genere,
933 2898 1054 2958 omuino
1067 2901 1229 2980 repugnet,
1242 2901 1308 2959 tum
1320 2896 1389 2977 ipss
1402 2915 1439 2958 re
1461 2902 1494 2959 et
1512 2899 1643 2960 seritute
1663 2898 1737 2958 satis
1763 2897 1946 2960 conlutsiur.
1987 2895 2136 2962 llorstius

469 3006 561 3082 enim,
574 3023 698 3068 sussum
708 3005 819 3066 uirium
831 3009 930 3086 probe
944 3010 1001 3068 sibi
1015 3013 1169 3085 conscius,
1179 3029 1248 3071 (urm
1263 3014 1453 3090 gravioribus
1463 3015 1649 3092 argumentis
1663 3015 1758 3094 epicis
1769 3015 1958 3095 tragicoque
1970 3014 2135 3080 identidem

469 3137 507 3184 se
518 3121 664 3202 imperem
677 3122 843 3204 profitetur
857 3121 1186 3201 (1.0osr.o.11,1,st.
1200 3126 1441 3206 sqq.12,l.sqq.
1454 3128 1920 3210 111,u,ob.sqq.1v,2,2s.qq.
1936 3131 1989 3208 lb,
1998 3132 2027 3193 1.
2036 3151 2103 3212 sqq.
2109 3131 2133 3195 1.

331 3245 337 3252 '
469 3233 691 3314 racemo,
703 3242 756 3302 so.
767 3239 805 3316 11,
813 3242 843 3315 1,
852 3241 903 3303 lo.
911 3239 1263 3322 {inpiatum-oo.)
1271 3242 1521 3305 cilicetuontum
1527 3246 1775 3326 propteriugeuii
1783 3247 2033 3328 inbecillitatem,
2041 3267 2132 3330 quum
2166 3276 2169 3284 ¹
2203 3271 2206 3278 ·

471 3353 556 3434 quod
572 3354 721 3434 longioris
734 3375 839 3418 morae
860 3363 893 3419 et
905 3357 1028 3433 lsboris,
1053 3359 1173 3436 qudem
1194 3359 1344 3439 ejusmodi
1364 3369 1541 3442 arguments
1562 3362 1728 3442 postulant,
1753 3365 1926 3445 impatiens,
1947 3367 2148 3456 bbenimum,

469 3452 575 3552 potius
598 3472 693 3534 otium
715 3474 901 3551 seotsbctur,
933 3475 1086 3538 sssiduum
1101 3477 1235 3558 plurium
1255 3496 1400 3542 suuorum
1421 3481 1556 3542 studium
1571 3484 1807 3578 ¹uuuqusmluni
1832 3484 1951 3547 cuidem
1972 3485 2059 3567 operi
2078 3487 2133 3550 dl-

380 3657 389 3672 1
469 3605 542 3650 erre
555 3588 662 3652 soluit.
705 3593 781 3672 Quis
795 3595 891 3674 igitur
902 3593 1019 3670 credet,
1032 3613 1101 3658 eum
1114 3595 1173 3659 bac
1187 3597 1473 3676 menteprseditum
1494 3617 1630 3680 suseqoe
1649 3602 1725 3663 ertis
1746 3620 1782 3663 so
1800 3601 1954 3666 insultetis
1973 3605 2052 3668 beue
2072 3605 2134 3670 sibi

469 3709 635 3796 conscium,
657 3729 727 3772 cum
740 3711 779 3773 ud
795 3713 885 3794 plurs
895 3715 1027 3795 podseos
1040 3731 1154 3793 peneus
1165 3732 1238 3777 sese
1249 3713 1362 3778 fuctum
1375 3719 1514 3794 sentiret,
1527 3719 1559 3780 iu
1572 3736 1634 3780 uno
1649 3719 1819 3800 eodemque
1838 3740 1935 3802 opere
1951 3723 2131 3806 perplures

470 3825 630 3888 coutiuuos
651 3846 746 3891 sonos
768 3838 948 3912 occupatum
971 3832 1058 3911 qussi
1072 3831 1203 3911 pistrino
1215 3833 1350 3920 ¹quodum
1371 3854 1408 3898 se
1424 3837 1524 3916 ipsum
1542 3835 1721 3912 inclusisse,
1742 3852 1799 3898 uec
1823 3839 2007 3918 promiscue,
2031 3849 2127 3926 prout

469 3957 546 4002 usus
556 3942 685 4018 ierebrt,
699 3945 789 4008 modo
803 3946 943 4024 Setiram,
956 3949 1208 4030 modoiipodum,
1220 3951 1311 4014 modo
1320 3951 1464 4034 Lyricum
1478 3971 1609 4030 ommes,
1623 3958 1685 4029 sut,
1707 3956 1824 4016 seriore
1839 3957 1961 4035 quidem
1975 3965 2126 4042 tempore,

469 4055 643 4138 Epistolsm
656 4063 891 4143 composuissel
919 4065 1010 4145 Quod
1025 4066 1106 4130 idem
1119 4068 1216 4130 sensit
1227 4067 1296 4132 ani
1308 4091 1340 4152 p.
1353 4068 1464 4132 CXIV.
1484 4071 1563 4147 Alia,
1588 4071 1730 4147 latemur,
1750 4075 1829 4134 rstio
1852 4080 1901 4136 est
1917 4079 2077 4156 podtarum
2096 4081 2129 4146 lu

469 4179 656 4256 urgumeutis
669 4181 827 4260 perpetuis
849 4189 1075 4265 scrupulorum,
1099 4185 1199 4266 lisque
1208 4155 1371 4270 imprimis,
1393 4207 1523 4267 quorum
1543 4190 1671 4252 muteris
1690 4209 1752 4253 uon
1773 4190 1813 4254 de
1833 4193 1912 4254 sitse
1933 4196 2130 4272 quotidlsueu

469 4293 571 4356 unsis
591 4301 623 4357 et
642 4299 758 4360 eventis
778 4301 916 4362 sumitur.
958 4301 1048 4366 bloet
1059 4301 1234 4386 Virgilium,
1255 4306 1397 4369 Ovidium
1423 4305 1563 4386 sliosque
1582 4327 1643 4370 uno
1666 4309 1835 4388 eodemque
1855 4316 1995 4392 tempore
2014 4317 2046 4380 ln
2068 4337 2129 4382 uos

376 4421 383 4432 “
469 4412 562 4475 modo
580 4412 691 4476 incude
709 4416 865 4480 laborasse
878 4423 1056 4498 ststusms,
1083 4421 1214 4486 Horatio
1227 4424 1473 4504 utiqueliberum
1485 4427 1534 4487 sui
1546 4426 1712 4504 srbitriom,
1732 4428 1815 4508 quod
1827 4431 1859 4491 iu
1876 4431 1938 4493 sits
1950 4435 2126 4515 quaerebat,

469 4527 501 4590 lu
519 4533 686 4610 pangendis
703 4535 794 4596 etism
808 4538 989 4601 carminibus
1003 4539 1155 4621 integrum
1170 4561 1336 4606 servemus.
1365 4545 1553 4624 Quamqusm
1567 4564 1628 4608 nou
1644 4565 1681 4608 eo
1695 4547 1836 4610 licentise
1850 4551 2042 4632 progredior,
2065 4572 2129 4634 quo

469 4651 523 4710 sut
540 4644 700 4726 Velartus,
729 4655 782 4730 qui
803 4655 894 4718 nullis
913 4657 1035 4720 omuino
1055 4658 1103 4722 uel
1122 4649 1310 4741 temporibus
1330 4661 1379 4724 sel
1398 4662 1486 4726 libris
1504 4663 1655 4726 distinctis
1676 4663 1838 4728 lloretium
1860 4669 1896 4729 sb
1917 4687 1996 4731 suno
2016 4673 2125 4738 setutls

469 4759 580 4828 lllllll.
599 4768 637 4829 sd
656 4787 683 4828 s.
708 4767 788 4830 LVI.
802 4773 884 4835 ruris
898 4773 1082 4857 Eulogarum
1101 4759 1236 4860 exemplu
1256 4781 1430 4860 promiscue
1452 4801 1489 4843 ex
1510 4783 1650 4845 omuibus
1676 4784 1876 4848 voluminibus
1894 4785 2024 4852 iundere
2041 4789 2126 4870 lucit,

374 4923 383 4934 -
468 4889 504 4948 ot
519 4889 591 4964 post
604 4887 670 4966 ejus
684 4893 812 4948 mortem
825 4889 944 4956 demum
957 4895 1135 4958 divisionem
1148 4897 1181 4959 iu
1194 4897 1287 4960 libros
1301 4898 1410 4962 lectum
1425 4905 1561 4978 statuere
1578 4901 1732 4979 videstur3
1746 4909 1797 4966 aut
1806 4904 1970 4984 cruquius,
1983 4908 2035 4987 qui
2046 4913 2123 4990 poi·

466 5009 528 5067 tem
539 5010 613 5086 post
625 5011 753 5066 mortem
768 5007 855 5082 sdeo,
869 5010 949 5072 ciros
961 5031 988 5074 a.
1002 5031 1032 5074 u.
1047 5031 1073 5076 c.
1087 5013 1161 5078 ibi.
1175 5021 1207 5077 et
1223 5015 1352 5080 Sutiruu
1365 5017 1390 5096 l,
1406 5019 1437 5080 t.
1452 5026 1485 5083 ei
1498 5020 1586 5082 0deu
1599 5019 1652 5098 lv,
1666 5022 1696 5084 1.
1716 5028 1747 5084 et
1766 5023 1936 5104 Epistolom
1951 5025 1975 5102 l,
1993 5028 2021 5090 1.
2043 5029 2121 5092 seri-

467 5126 567 5206 puisse
574 5127 747 5208 suspicetur
758 5127 910 5210 utruque
922 5132 951 5196 el
964 5131 1043 5198 ultro
1056 5136 1274 5218 seugesimum
1287 5143 1426 5217 quodum
1435 5140 1543 5206 uelutis
1555 5147 1827 5248 muumprorogst,
1836 5143 1894 5206 Ed.
1908 5143 2000 5210 loll.
2009 5165 2040 5228 p.
2046 5147 2123 5212 ote.
