4804 5974
1005 283 1009 298 ·
1067 245 1185 344 ..ii-

215 451 224 476 *
293 459 374 520 inter
387 425 552 518 veteranos
561 455 781 528 dividerentur,
804 447 950 542 quidquid
965 447 1078 531 rubique
1092 451 1237 534 lrrnnenti
1251 455 1283 513 et
1296 449 1451 532 copiarum
1469 452 1563 524 osset,
1584 465 1641 528 per
1654 447 1792 528 ingentes
1808 433 1963 506 exercitus

294 577 504 650 ¹absumeretur
525 570 670 657 (Appian.
686 593 711 636 c
727 567 793 653 18.)
815 577 880 633 tum
897 569 1118 645 sero-h'ulsiae,
1137 569 1258 632 Antonii
1268 569 1434 631 Triumviri
1449 567 1583 658 luriosue
1599 567 1739 648 conjugis
1753 563 1836 624 rabie
1851 577 1961 622 novum

293 694 358 782 boc
367 694 480 758 bellum
495 695 623 755 civicum
640 693 817 766 incensuiu,
831 709 892 770 qno
906 709 975 752 cum
987 687 1084 751 brunis
1100 689 1195 764 ltalia,
1217 695 1283 750 tum
1303 689 1369 770 ipsa
1389 689 1473 764 urbs,
1496 689 1586 748 sedes
1607 685 1740 766 imperii,
1762 679 1904 743 caedibus
1925 697 1964 742 ae

294 813 392 874 turbis
407 791 532 894 impleta
547 794 706 890 omnisque
719 809 839 894 psciilci
853 815 950 871 stattrs
964 809 1081 888 speeies
1096 807 1213 868 sublate
1227 813 1283 868 est
1327 805 1395 868 llos
1408 807 1496 906 inter:
1504 823 1598 867 novos
1620 809 1776 876 terrores,
1799 819 1867 860 cum
1886 801 1971 882 post*

261 909 265 917 ¹
295 935 343 993 lot
355 931 465 992 caedes
480 949 514 990 ao
526 930 776 1010 proscriptiones,
798 933 920 1006 tamque
935 931 1058 988 crrrenta
1072 926 1188 1006 proclia
1202 925 1282 988 nulla
1298 928 1386 1005 anics
1402 925 1505 986 futura
1519 923 1591 985 esse
1602 923 1763 1002 uideretur¹
1778 937 1814 980 ac
1830 918 1869 980 de
1881 915 1959 996 reip.

296 1047 394 1110 salute
407 1047 457 1110 vcl
473 1049 605 1128 optimus
621 1048 751 1129 quisque
765 1047 953 1128 desporsret,
973 1041 1144 1120 llorstinm,
1158 1048 1211 1126 qul
1223 1045 1300 1107 belli
1314 1045 1410 1106 ciuilis
1423 1043 1569 1106 horrores
1583 1041 1674 1103 modo
1688 1041 1835 1110 senisenni,
1848 1033 1959 1115 quibua

294 1167 346 1228 ris
362 1167 483 1246 elapsus
499 1185 567 1228 curu
585 1167 680 1228 otium
695 1167 752 1238 sibi
765 1171 921 1246 sperasset
933 1165 969 1226 in¹
980 1183 1072 1226 noves
1085 1163 1191 1226 incidit
1205 1165 1307 1227 turbas
1325 1183 1360 1226 ac
1381 1165 1561 1240 seditiones,
1583 1163 1716 1238 „decisis
1730 1156 1876 1221 inmitem
1884 1169 1966 1234 pcn-

294 1287 344 1347 stis
357 1287 538 1368 inopemque
549 1281 680 1366 paterni
699 1292 732 1346 et
754 1285 878 1345 lambet
891 1283 1011 1364 sundi‘
1034 1303 1102 1345 enus
1116 1283 1255 1345 omnibus
1270 1285 1394 1365 ignotus
1409 1283 1484 1344 nihil
1494 1283 1558 1364 jum
1572 1281 1699 1342 baberet
1713 1276 1795 1358 quod
1804 1273 1969 1354 perderet,

295 1403 486 1485 patriaeque,
500 1424 590 1483 quarn
605 1403 818 1465 ardentissimo
833 1421 936 1464 amore
948 1401 1198 1482 amplectebatur,
1219 1403 1335 1464 ruinam
1350 1405 1424 1482 pise
1438 1419 1472 1463 se
1483 1401 1637 1468 ridentem
1650 1399 1681 1459 in
1699 1395 1775 1458 illud
1796 1390 1969 1463 consilium,
2057 1409 2062 1414 ·

296 1539 482 1586 nonnosum
498 1522 621 1601 quidem
635 1522 690 1583 scd
699 1520 896 1602 jampridem
910 1540 927 1581 a
942 1519 1080 1582 Sertorio
1097 1517 1457 1605 conceptum(l'lutrrch.
1471 1517 1535 1582 Vit.
1548 1539 1578 1600 p.
1593 1519 1668 1580 bil.
1684 1511 1738 1599 u.)
1753 1513 1860 1574 sedem
1873 1505 1964 1590 regul
2081 1585 2084 1594 ,

263 1711 269 1718 1
298 1641 358 1704 allo
371 1638 576 1702 transferendi
589 1645 621 1702 et
638 1639 791 1702 maritimo
809 1639 919 1703 itinere
932 1656 1037 1703 novam
1052 1641 1180 1721 patriam
1197 1629 1362 1720 quaerendi
1375 1639 1533 1715 incidisse,
1555 1611 1692 1717 illudque
1702 1625 1833 1717 jur'euili
1844 1603 1972 1700 ardore,

292 1759 508 1849 ¹acerrimoque
520 1759 610 1820 animi
624 1759 740 1839 impetu
754 1765 927 1839 correptum
942 1760 999 1820 huo
1014 1758 1130 1840 Eulogo
1143 1759 1344 1841 popularibus
1356 1761 1420 1822 arus
1435 1779 1522 1839 quam
1540 1756 1732 1818 ornatissime
1745 1752 1867 1833 poterat
1881 1761 1978 1817 coru·¹
1998 1767 2004 1774 ·
2050 1817 2055 1831 1

287 1852 474 1952 ¹tuendasse,
496 1877 527 1936 id
541 1877 662 1956 quidem
676 1895 802 1958 prorsus
817 1883 1052 1940 consentaneum
1067 1878 1201 1940 ridetur.
1245 1879 1312 1957 Qua
1326 1879 1447 1940 demum
1459 1879 1580 1938 ratione
1600 1873 1735 1936 eulnibtn
1757 1885 1835 1948 quse
1856 1865 1887 1924 in
1908 1861 1970 1924 hou

299 1996 433 2057 carmine
446 1995 547 2056 adbuc
562 1995 715 2075 legentem
729 1996 933 2072 ollendernnt,
955 1997 1031 2056 dilui
1047 2001 1138 2074 utque
1153 1964 1306 2076 explanari
1318 1997 1468 2056 videntur.
1511 1995 1614 2071 Atque
1627 2009 1695 2051 cum
1704 1991 1767 2070 jem
1784 1981 1971 2044 Torrentius

299 2113 339 2175 de
354 2113 437 2174 bello
453 2111 558 2175 Siculo
572 2115 603 2173 in
617 2113 686 2174 Sex.
701 2111 881 2194 Pompcjum
895 2113 1069 2193 cogitasset,
1092 2111 1265 2174 Nitsehium
1280 2111 1370 2174 video
1385 2115 1416 2174 in
1430 2111 1596 2173 Praelectt.
1615 2112 1645 2171 in
1667 2106 1744 2169 lior.
1764 2105 1866 2166 carm.
1885 2097 1970 2160 ‹ttin-

300 2232 431 2293 cultutes
446 2231 520 2291 istas
532 2217 672 2310 ¹rulgutne
683 2230 945 2309 interpretationis
958 2235 1043 2290 recte
1056 2189 1276 2311 intelligentem
1291 2236 1412 2312 tempus
1426 2236 1499 2312 post
1513 2249 1645 2311 pugnum
1652 2227 1885 2305 Philippensem
1898 2217 1973 2278 hulu
2035 2265 2045 2290 ,

302 2349 437 2412 carmini
453 2337 638 2408 constituere
652 2354 684 2408 et
695 2345 959 2428 Vandcrbnrgiusu
974 2349 1041 2429 eJ'us
1054 2349 1188 2409 rationes
1200 2349 1381 2428 probantem
1395 2351 1482 2411 novis
1499 2347 1680 2428 quibusdam
1693 2339 1879 2424 argumentis
1893 2337 1974 2400 bano
2050 2309 2055 2324 ’

302 2465 484 2531 sententium
494 2466 607 2527 fulcire
619 2485 688 2526 curn
702 2472 804 2528 nostra
812 2467 949 2545 proxime
957 2469 1196 2540 convenientem,
1210 2487 1299 2548 quoru
1306 2469 1474 2555 lectoribus
1482 2468 1627 2548 satisjam
1640 2465 1798 2547 probatam
1806 2473 1973 2540 speramus.

386 2585 435 2648 ux
447 2585 509 2646 hoe
521 2604 636 2664 genere
649 2583 832 2665 Eclogarum
847 2583 884 2646 acl
900 2585 1038 2665 publicas
1051 2605 1104 2647 res
1120 2587 1337 2666 pertinentium
1354 2589 1444 2648 etiam
1465 2588 1557 2647 tertia
1578 2586 1695 2646 decima
1712 2579 1808 2661 hujus
1819 2576 1889 2638 libri
1903 2567 2031 2636 obsit.

302 2705 378 2766 mihi
399 2723 468 2764 esse
481 2703 612 2777 videtur,
635 2699 798 2776 „Horrida
812 2707 983 2782 tempestas
996 2677 1115 2762 coelum
1129 2705 1322 2764 contrusit.“
1344 2709 1438 2780 atque
1453 2723 1519 2765 eam
1534 2703 1633 2762 hieme
1649 2721 1674 2760 a.
1690 2719 1720 2762 ιι.
1737 2719 1764 2758 c.
1776 2691 1972 2758 rut-sss:

174 2893 176 2898 ,
191 2875 201 2889 .,
304 2823 448 2902 scriptam
464 2838 534 2880 csse
548 2837 658 2879 censeo
673 2819 704 2878 iu
716 2809 786 2878 'eum
799 2817 901 2891 linem,
923 2823 958 2877 ut
972 2835 1041 2877 cum
1056 2816 1190 2877 debello
1206 2818 1238 2878 in
1251 2817 1415 2906 Antonium
1427 2817 1558 2878 uondrsm
1573 2805 1696 2896 quidem
1707 2819 1793 2876 certo
1807 2811 1976 2884 constaret,

305 2941 360 3003 sed
372 2940 534 3001 imminere
547 2943 650 2999 tamea
662 2936 830 3011 videretur,
853 2935 966 2996 amicos
984 2937 1093 3015 quibus
1108 2935 1241 2998 tortasse
1255 2954 1293 2997 eo
1307 2935 1562 3017 proficiscendum
1581 2911 1675 3010 esset,
1698 2919 1811 2995 cebris
1827 2935 1859 2993 et
1871 2927 1974 3011 acgrl·

305 3061 405 3122 monis
418 3061 613 3140 propterres'
630 3055 751 3118 iuturus
772 3057 913 3116 avocaret
934 3059 967 3116 et
987 3055 1115 3117 duruute
1134 3060 1318 3136 tempestate
1337 3057 1374 3118 ael
1393 3055 1521 3117 hilarem
1542 3055 1797 3135 computationem
1818 3049 1975 3124 excitaret,

305 3185 369 3240 tum
386 3195 471 3260 spem
484 3175 723 3256 praetendendo,
745 3173 845 3236 lleum
864 3174 940 3238 haee
955 3173 1086 3238 fortasse
1100 3194 1179 3254 quae
1193 3179 1376 3249 metuerent,
1389 3175 1421 3236 ln
1435 3175 1544 3238 melius
1557 3191 1734 3236 versurum:
1758 3175 1821 3232 tum
1830 3167 1976 3230 Chironia

308 3295 456 3362 contami
470 3295 619 3376 exemplo,
633 3293 783 3357 Achillem
799 3294 836 3356 ad
849 3291 962 3355 bellum
976 3293 1142 3375 'l'rojannm
1155 3294 1365 3374 proiecturum
1380 3295 1543 3370 mouentis,
1555 3298 1591 3354 nt
1603 3294 1635 3354 iu
1649 3293 1799 3353 brevitate
1812 3288 1905 3351 sortis
1917 3285 1978 3348 sibl
2030 3337 2034 3346 ,

308 3431 471 3477 concessae
483 3415 553 3476 sino
567 3420 718 3491 cantuque
738 3433 773 3474 se
788 3397 981 3487 exhilararet,
1003 3412 1095 3473 edam
1113 3413 1199 3491 ipsos
1221 3397 1429 3488 cohortando,
1457 3419 1494 3474 ut
1512 3414 1554 3474 dc
1575 3417 1661 3474 sorte
1678 3409 1782 3470 intera
1801 3405 1877 3468 nihil
1896 3403 1978 3468 anxii

294 3535 399 3617 ‚genio
416 3517 610 3610 indulgerent
633 3535 665 3588 et
676 3529 891 3608 praesentibus
902 3527 1191 3588 bonisirucrentur.

394 3637 480 3712 llu'ae
494 3651 614 3711 eruunt
629 3645 715 3707 Odac
728 3648 759 3707 in
772 3647 833 3706 boc
845 3627 1168 3737 libro'rlrchilodrinae
1181 3647 1356 3709 acerbitatis
1377 3645 1504 3730 plenae,
1535 3664 1613 3728 quac
1627 3647 1732 3709 nescio
1755 3643 1829 3724 quid
1850 3595 2037 3723 propte-is.

311 3769 435 3852 quitatis
448 3767 522 3828 rulhl
536 3769 617 3826 inter
629 3783 701 3826 sesc
714 3765 829 3826 hubere
841 3765 999 3838 ridentum
1022 3769 1136 3826 sextam
1150 3761 1236 3827 dico':
1260 3765 1367 3843 „Quid
1380 3769 1578 3830 immerentes
1593 3767 1751 3850 hospitea‘i
1766 3770 1799 3824 et
1812 3762 1978 3824 decimam:

312 3887 425 3966 „biolo
447 3885 554 3947 soluta
573 3885 693 3945 nonbi‘
735 3883 823 3945 llsnc
844 3885 968 3963 quidem
989 3889 1108 3945 constat
1128 3885 1160 3944 in
1174 3883 1332 3948 Maecium
1343 3893 1484 3968 postem,
1505 3885 1630 3968 Virgilii
1646 3887 1881 3948 obtrectatorem
1902 3879 1979 3939 sori-

310 4013 409 4089 ptum,
436 4023 504 4066 curu
528 4005 589 4064 iter
603 4002 783 4063 maritimum
802 4003 1109 4082 ingressnms'csset.
1130 4001 1326 4066 Weiehertus
1339 4027 1405 4067 eam
1426 4025 1503 4067 anno
1520 4025 1549 4068 ιι.
1565 4023 1593 4070 c.
1611 4004 1687 4066 ⁴123.
1708 4001 1873 4082 assignavit
1889 3997 1979 4089 l²oet

311 4125 379 4187 Lat.
400 4142 431 4204 p.
445 4121 519 4186 tlt.
546 4121 698 4200 Equidem
713 4136 891 4199 quemqnam
912 4121 970 4180 huc
984 4121 1015 4180 in
1029 4139 1065 4181 rc
1079 4123 1195 4183 ineerta
1212 4142 1271 4184 uon
1286 4124 1374 4186 valde
1386 4125 1535 4204 pestium,
1551 4123 1582 4186 iu
1596 4141 1704 4184 annum
1716 4122 1790 4181 120.
1805 4117 1980 4189 constituor

311 4251 396 4308 certe
410 4256 471 4302 nou
485 4241 581 4319 prius,
596 4240 668 4318 quic
684 4237 831 4314 Maeuius,
851 4237 958 4300 Servio
970 4245 1055 4300 teste
1070 4241 1117 4300 ad.
1134 4240 1155 4301 1.
1172 4243 1286 4322 (icorg.
1299 4241 1373 4305 21⁰.
1395 4241 1525 4320 „Scrite
1537 4239 1656 4304 horden
1670 4239 1817 4320 cumpis.“
1838 4255 1898 4297 uus
1911 4253 1980 4298 cum
2106 4303 2110 4310 ,

312 4361 404 4424 llario
423 4360 506 4420 hunc
519 4355 643 4437 Virgilii
659 4375 779 4418 versum
800 4357 845 4417 sic
868 4355 1038 4436 sugillavit:
1059 4357 1214 4434 „Hordea
1235 4362 1290 4442 qui
1307 4359 1400 4437 dicit,
1423 4367 1567 4443 superest
1581 4367 1618 4422 ut
1634 4358 1743 4419 tritico
1756 4356 1876 4418 dicati*
1899 4353 1982 4434 quod

313 4497 433 4542 carmen
448 4457 516 4538 cum
530 4497 557 4536 a.
568 4476 644 4536 719.
658 4475 826 4538 seeundum
839 4471 944 4574 Vossii
957 4477 1090 4537 tationes
1105 4471 1166 4558 (od.
1177 4475 1418 4562 Georglll,2'i.)
1433 4481 1546 4561 publici
1555 4480 1636 4561 juris
1651 4478 1763 4540 lactum
1777 4479 1872 4552 esset,
1892 4473 1981 4537 blac·
1999 4439 2009 4450 ‘

313 4599 355 4659 nii
368 4599 429 4659 iter
443 4595 520 4657 illud
542 4611 600 4653 uun
618 4597 704 4675 prins
719 4593 830 4656 initum
844 4591 980 4656 statuere
995 4594 1076 4656 licet.
1580 4581 1582 4592 ’

398 4713 513 4774 Serta
540 4711 653 4799 Ecloga
673 4723 802 4798 pongnm
823 4715 954 4792 requirit
973 4711 1013 4774 sle
1033 4711 1232 4795 inscriptione
1253 4733 1308 4778 sna
1330 4715 1586 4798 disputationem,
1620 4717 1801 4800 praesertim
1824 4719 1899 4797 post
1920 4714 2038 4776 sto-tt

311 4833 470 4896 ctissImam
488 4829 648 4930 welches-q·
660 4831 967 4928 commentationem
981 4829 1002 4892 l.
1020 4831 1084 4907 „de
1101 4831 1207 4894 Cassio
1222 4835 1387 4899 ansensi
1399 4803 1534 4900 Posteri
1555 4839 1679 4900 Grlmae
1690 4835 1793 4910 18323
1817 4853 1905 4914 quarn
1920 4831 1981 4893 hod

311 4949 378 5014 loco
390 4945 657 5098 ffifflfflmlltp.
685 4941 728 5050 ω’
747 4949 843 5022 modo
858 4949 1061 5030 observemus,
1085 4949 1329 5034 inscriptionem:
1352 4957 1412 5035 „ln
1427 4947 1570 5021 ¹(lisseium
1580 4944 1749 5020 'smmum‘
1770 4957 1802 5021 iu
1816 4953 1975 5038 plerisque

639 5063 654 5108 ν
