<?xml version="1.0" encoding="UTF-8"?>
<!DOCTYPE html PUBLIC "-//W3C//DTD XHTML 1.0 Transitional//EN"
    "http://www.w3.org/TR/xhtml1/DTD/xhtml1-transitional.dtd">
<html xmlns="http://www.w3.org/1999/xhtml" xml:lang="en" lang="en">
 <head>
  <title>
</title>
<meta http-equiv="Content-Type" content="text/html;charset=utf-8" />
  <meta name='ocr-system' content='tesseract 3.04.00' />
  <meta name='ocr-capabilities' content='ocr_page ocr_carea ocr_par ocr_line ocrx_word'/>
</head>
<body>
  <div class='ocr_page' id='page_1' title='image "./quaestioneshora00kircgoog_0044.png"; bbox 0 0 4804 5974; ppageno 0'>
   <div class='ocr_carea' id='block_1_1' title="bbox 187 509 1979 1429">
    <p class='ocr_par' dir='ltr' id='par_1_1' title="bbox 311 509 1979 958">
     <span class='ocr_line' id='line_1_1' title="bbox 313 509 1979 604; baseline 0.004 -18"><span class='ocrx_word' id='word_1_1' title='bbox 313 528 414 604; x_wconf 84' lang='lat' dir='ltr'><strong>patet,</strong></span> <span class='ocrx_word' id='word_1_2' title='bbox 436 521 518 603; x_wconf 77' lang='lat' dir='ltr'><strong>pund</strong></span> <span class='ocrx_word' id='word_1_3' title='bbox 530 509 628 603; x_wconf 62' lang='lat' dir='ltr'><strong>podte&#39;</strong></span> <span class='ocrx_word' id='word_1_4' title='bbox 642 522 812 604; x_wconf 89' lang='lat' dir='ltr'><strong>prinoipem</strong></span> <span class='ocrx_word' id='word_1_5' title='bbox 832 519 996 584; x_wconf 87' lang='lat' dir='ltr'><strong>utilomae</strong></span> <span class='ocrx_word' id='word_1_6' title='bbox 1016 527 1273 602; x_wconf 83' lang='lat' dir='ltr'><strong>praesentem</strong></span> <span class='ocrx_word' id='word_1_7' title='bbox 1293 519 1468 602; x_wconf 69' lang='lat' dir='ltr'><strong>alloquitur.</strong></span> <span class='ocrx_word' id='word_1_8' title='bbox 1489 515 1567 584; x_wconf 84' lang='lat' dir='ltr'><strong>liam</strong></span> <span class='ocrx_word' id='word_1_9' title='bbox 1589 522 1764 601; x_wconf 82' lang='lat' dir='ltr'><strong>quintum</strong></span> <span class='ocrx_word' id='word_1_10' title='bbox 1779 526 1916 592; x_wconf 68' lang='lat' dir='ltr'><strong>carmen</strong></span> <span class='ocrx_word' id='word_1_11' title='bbox 1933 531 1979 592; x_wconf 83' lang='lat' dir='ltr'><strong>ni-</strong></span> 
     </span>
     <span class='ocr_line' id='line_1_2' title="bbox 312 635 1979 728; baseline 0.002 -24"><span class='ocrx_word' id='word_1_12' title='bbox 312 641 371 704; x_wconf 78' lang='lat' dir='ltr'><strong>mis</strong></span> <span class='ocrx_word' id='word_1_13' title='bbox 392 641 444 702; x_wconf 90' lang='lat' dir='ltr'><strong>diu</strong></span> <span class='ocrx_word' id='word_1_14' title='bbox 465 642 600 704; x_wconf 77' lang='lat' dir='ltr'><strong>absentis</strong></span> <span class='ocrx_word' id='word_1_15' title='bbox 620 642 753 723; x_wconf 69' lang='lat' dir='ltr'><strong>Augusti</strong></span> <span class='ocrx_word' id='word_1_16' title='bbox 774 640 970 718; x_wconf 87' lang='lat' dir='ltr'><strong>desiderium,</strong></span> <span class='ocrx_word' id='word_1_17' title='bbox 992 641 1205 703; x_wconf 83' lang='lat' dir='ltr'><strong>seetrudum</strong></span> <span class='ocrx_word' id='word_1_18' title='bbox 1226 659 1296 703; x_wconf 85' lang='lat' dir='ltr'><strong>mox</strong></span> <span class='ocrx_word' id='word_1_19' title='bbox 1309 641 1438 702; x_wconf 82' lang='lat' dir='ltr'><strong>redituri</strong></span> <span class='ocrx_word' id='word_1_20' title='bbox 1451 640 1559 702; x_wconf 82' lang='lat' dir='ltr'><strong>lsetenr</strong></span> <span class='ocrx_word' id='word_1_21' title='bbox 1581 635 1837 721; x_wconf 76' lang='lat' dir='ltr'><strong>&#39;exspectationem</strong></span> <span class='ocrx_word' id='word_1_22' title='bbox 1862 647 1979 728; x_wconf 75' lang='lat' dir='ltr'><strong>signill-</strong></span> 
     </span>
     <span class='ocr_line' id='line_1_3' title="bbox 312 758 1977 839; baseline 0.005 -19"><span class='ocrx_word' id='word_1_23' title='bbox 312 762 370 820; x_wconf 65' lang='grc' dir='ltr'><strong>αἱ.</strong></span> <span class='ocrx_word' id='word_1_24' title='bbox 413 759 516 836; x_wconf 76' lang='lat' dir='ltr'><strong>Quare</strong></span> <span class='ocrx_word' id='word_1_25' title='bbox 536 760 611 822; x_wconf 87' lang='lat' dir='ltr'><strong>iliud</strong></span> <span class='ocrx_word' id='word_1_26' title='bbox 632 780 659 821; x_wconf 84' lang='lat' dir='ltr'><strong>e.</strong></span> <span class='ocrx_word' id='word_1_27' title='bbox 680 761 755 822; x_wconf 69' lang='lat' dir='ltr'><strong>iili.</strong></span> <span class='ocrx_word' id='word_1_28' title='bbox 777 759 816 819; x_wconf 89' lang='lat' dir='ltr'><strong>ad</strong></span> <span class='ocrx_word' id='word_1_29' title='bbox 836 760 1019 839; x_wconf 77' lang='lat' dir='ltr'><strong>Augentum,</strong></span> <span class='ocrx_word' id='word_1_30' title='bbox 1042 779 1102 838; x_wconf 91' lang='lat' dir='ltr'><strong>qno</strong></span> <span class='ocrx_word' id='word_1_31' title='bbox 1125 777 1195 820; x_wconf 88' lang='lat' dir='ltr'><strong>eum</strong></span> <span class='ocrx_word' id='word_1_32' title='bbox 1215 759 1246 819; x_wconf 90' lang='lat' dir='ltr'><strong>in</strong></span> <span class='ocrx_word' id='word_1_33' title='bbox 1269 759 1386 838; x_wconf 80' lang='lat' dir='ltr'><strong>patriae</strong></span> <span class='ocrx_word' id='word_1_34' title='bbox 1414 759 1501 837; x_wconf 83' lang='lat' dir='ltr'><strong>qttosl</strong></span> <span class='ocrx_word' id='word_1_35' title='bbox 1529 758 1677 837; x_wconf 81' lang='lat' dir='ltr'><strong>gremium</strong></span> <span class='ocrx_word' id='word_1_36' title='bbox 1705 767 1880 838; x_wconf 82' lang='lat' dir='ltr'><strong>revocaret,</strong></span> <span class='ocrx_word' id='word_1_37' title='bbox 1908 781 1977 828; x_wconf 78' lang='lat' dir='ltr'><strong>enm</strong></span> 
     </span>
     <span class='ocr_line' id='line_1_4' title="bbox 311 869 1975 958; baseline 0.001 -18"><span class='ocrx_word' id='word_1_38' title='bbox 311 869 458 940; x_wconf 74' lang='lat' dir='ltr'><strong>ldmona</strong></span> <span class='ocrx_word' id='word_1_39' title='bbox 480 896 512 957; x_wconf 91' lang='lat' dir='ltr'><strong>p.</strong></span> <span class='ocrx_word' id='word_1_40' title='bbox 532 876 610 940; x_wconf 74' lang='lat'><strong>841.</strong></span> <span class='ocrx_word' id='word_1_41' title='bbox 631 879 778 957; x_wconf 78' lang='lat' dir='ltr'><strong>sor-ipbuu</strong></span> <span class='ocrx_word' id='word_1_42' title='bbox 801 895 871 938; x_wconf 84' lang='lat' dir='ltr'><strong>esse</strong></span> <span class='ocrx_word' id='word_1_43' title='bbox 894 877 1034 938; x_wconf 73' lang='lat' dir='ltr'><strong>arbitror.</strong></span> <span class='ocrx_word' id='word_1_44' title='bbox 1074 877 1145 938; x_wconf 79' lang='lat' dir='ltr'><strong>leui</strong></span> <span class='ocrx_word' id='word_1_45' title='bbox 1166 881 1198 938; x_wconf 88' lang='lat' dir='ltr'><strong>et</strong></span> <span class='ocrx_word' id='word_1_46' title='bbox 1218 873 1373 939; x_wconf 83' lang='lat' dir='ltr'><strong>Venderb.</strong></span> <span class='ocrx_word' id='word_1_47' title='bbox 1394 875 1456 957; x_wconf 88' lang='lat' dir='ltr'><strong>ipsi</strong></span> <span class='ocrx_word' id='word_1_48' title='bbox 1477 893 1555 936; x_wconf 88' lang='lat' dir='ltr'><strong>anno</strong></span> <span class='ocrx_word' id='word_1_49' title='bbox 1575 875 1651 938; x_wconf 71' lang='lat' dir='ltr'><strong>tit.</strong></span> <span class='ocrx_word' id='word_1_50' title='bbox 1674 872 1798 957; x_wconf 79' lang='lat' dir='ltr'><strong>(vereor</strong></span> <span class='ocrx_word' id='word_1_51' title='bbox 1819 883 1855 940; x_wconf 87' lang='lat' dir='ltr'><strong>nt</strong></span> <span class='ocrx_word' id='word_1_52' title='bbox 1874 879 1975 958; x_wconf 87' lang='lat' dir='ltr'><strong>reete)</strong></span> 
     </span>
    </p>

    <p class='ocr_par' dir='ltr' id='par_1_2' title="bbox 187 989 1975 1429">
     <span class='ocr_line' id='line_1_5' title="bbox 187 989 1973 1090; baseline 0.004 -37"><span class='ocrx_word' id='word_1_53' title='bbox 187 1012 192 1020; x_wconf 92' lang='lat'><strong>·</strong></span> <span class='ocrx_word' id='word_1_54' title='bbox 310 993 476 1074; x_wconf 69' lang='lat' dir='ltr'><strong>assignant.</strong></span> <span class='ocrx_word' id='word_1_55' title='bbox 519 993 640 1075; x_wconf 82' lang='lat' dir='ltr'><strong>Deinde</strong></span> <span class='ocrx_word' id='word_1_56' title='bbox 661 989 787 1056; x_wconf 83' lang='lat' dir='ltr'><strong>aiterum</strong></span> <span class='ocrx_word' id='word_1_57' title='bbox 810 995 939 1056; x_wconf 79' lang='lat' dir='ltr'><strong>Carmen</strong></span> <span class='ocrx_word' id='word_1_58' title='bbox 960 994 1008 1056; x_wconf 89' lang='lat' dir='ltr'><strong>ad</strong></span> <span class='ocrx_word' id='word_1_59' title='bbox 1029 992 1165 1055; x_wconf 85' lang='lat' dir='ltr'><strong>lulum</strong></span> <span class='ocrx_word' id='word_1_60' title='bbox 1184 993 1397 1090; x_wconf 75' lang='lat' dir='ltr'><strong>Antonium</strong></span> <span class='ocrx_word' id='word_1_61' title='bbox 1424 993 1611 1071; x_wconf 78' lang='lat' dir='ltr'><strong>insequentis</strong></span> <span class='ocrx_word' id='word_1_62' title='bbox 1642 995 1711 1056; x_wconf 82' lang='lat' dir='ltr'><strong>anni</strong></span> <span class='ocrx_word' id='word_1_63' title='bbox 1734 996 1838 1073; x_wconf 87' lang='lat' dir='ltr'><strong>primis</strong></span> <span class='ocrx_word' id='word_1_64' title='bbox 1859 997 1973 1060; x_wconf 86' lang='lat' dir='ltr'><strong>mensi-</strong></span> 
     </span>
     <span class='ocr_line' id='line_1_6' title="bbox 310 1107 1975 1194; baseline 0 -20"><span class='ocrx_word' id='word_1_65' title='bbox 310 1107 379 1184; x_wconf 84' lang='lat' dir='ltr'><strong>ltns,</strong></span> <span class='ocrx_word' id='word_1_66' title='bbox 400 1111 633 1192; x_wconf 72' lang='lat' dir='ltr'><strong>oumdoguetei</strong></span> <span class='ocrx_word' id='word_1_67' title='bbox 643 1113 759 1174; x_wconf 85' lang='lat' dir='ltr'><strong>reditus</strong></span> <span class='ocrx_word' id='word_1_68' title='bbox 776 1114 842 1194; x_wconf 87' lang='lat' dir='ltr'><strong>jam</strong></span> <span class='ocrx_word' id='word_1_69' title='bbox 862 1117 946 1174; x_wconf 88' lang='lat' dir='ltr'><strong>eerta</strong></span> <span class='ocrx_word' id='word_1_70' title='bbox 967 1113 1153 1192; x_wconf 77' lang='lat' dir='ltr'><strong>exspectatio</strong></span> <span class='ocrx_word' id='word_1_71' title='bbox 1176 1117 1272 1188; x_wconf 87' lang='lat' dir='ltr'><strong>esset,</strong></span> <span class='ocrx_word' id='word_1_72' title='bbox 1293 1111 1495 1192; x_wconf 83' lang='lat' dir='ltr'><strong>oompositmu</strong></span> <span class='ocrx_word' id='word_1_73' title='bbox 1508 1113 1676 1174; x_wconf 86' lang='lat' dir='ltr'><strong>statuimus.</strong></span> <span class='ocrx_word' id='word_1_74' title='bbox 1698 1110 1975 1180; x_wconf 85' lang='lat' dir='ltr'><strong>Mitaoberliobium</strong></span> 
     </span>
     <span class='ocr_line' id='line_1_7' title="bbox 310 1227 1974 1311; baseline 0.001 -17"><span class='ocrx_word' id='word_1_75' title='bbox 310 1227 389 1294; x_wconf 75' lang='lat' dir='ltr'><strong>troo</strong></span> <span class='ocrx_word' id='word_1_76' title='bbox 407 1229 554 1310; x_wconf 67' lang='lat' dir='ltr'><strong>Eeiopam</strong></span> <span class='ocrx_word' id='word_1_77' title='bbox 574 1232 606 1292; x_wconf 92' lang='lat' dir='ltr'><strong>ln</strong></span> <span class='ocrx_word' id='word_1_78' title='bbox 626 1249 739 1292; x_wconf 80' lang='lat' dir='ltr'><strong>antrum</strong></span> <span class='ocrx_word' id='word_1_79' title='bbox 758 1231 832 1292; x_wconf 73' lang='lat' dir='ltr'><strong>trs.</strong></span> <span class='ocrx_word' id='word_1_80' title='bbox 855 1231 1054 1311; x_wconf 66' lang='lat' dir='ltr'><strong>rejicientem,</strong></span> <span class='ocrx_word' id='word_1_81' title='bbox 1077 1249 1145 1290; x_wconf 88' lang='lat' dir='ltr'><strong>eam</strong></span> <span class='ocrx_word' id='word_1_82' title='bbox 1166 1229 1204 1294; x_wconf 89' lang='lat' dir='ltr'><strong>ob</strong></span> <span class='ocrx_word' id='word_1_83' title='bbox 1224 1229 1384 1308; x_wconf 84' lang='lat' dir='ltr'><strong>rationem,</strong></span> <span class='ocrx_word' id='word_1_84' title='bbox 1407 1229 1491 1311; x_wconf 83' lang='lat' dir='ltr'><strong>qnod</strong></span> <span class='ocrx_word' id='word_1_85' title='bbox 1512 1229 1657 1294; x_wconf 83' lang='lat' dir='ltr'><strong>Raeticae</strong></span> <span class='ocrx_word' id='word_1_86' title='bbox 1678 1231 1824 1296; x_wconf 85' lang='lat' dir='ltr'><strong>victoriae</strong></span> <span class='ocrx_word' id='word_1_87' title='bbox 1845 1231 1927 1294; x_wconf 92' lang='lat' dir='ltr'><strong>nulia</strong></span> <span class='ocrx_word' id='word_1_88' title='bbox 1939 1232 1974 1296; x_wconf 89' lang='lat' dir='ltr'><strong>in</strong></span> 
     </span>
     <span class='ocr_line' id='line_1_8' title="bbox 308 1346 1439 1429; baseline 0.003 -19"><span class='ocrx_word' id='word_1_89' title='bbox 308 1363 348 1410; x_wconf 81' lang='lat' dir='ltr'><strong>eo</strong></span> <span class='ocrx_word' id='word_1_90' title='bbox 369 1347 568 1424; x_wconf 77' lang='lat' dir='ltr'><strong>menotio-liat,</strong></span> <span class='ocrx_word' id='word_1_91' title='bbox 589 1346 743 1418; x_wconf 78' lang='lat' dir='ltr'><strong>Venderb.</strong></span> <span class='ocrx_word' id='word_1_92' title='bbox 764 1349 796 1412; x_wconf 91' lang='lat' dir='ltr'><strong>in</strong></span> <span class='ocrx_word' id='word_1_93' title='bbox 817 1348 943 1429; x_wconf 69' lang='lat' dir='ltr'><strong>Argum.</strong></span> <span class='ocrx_word' id='word_1_94' title='bbox 964 1355 1052 1412; x_wconf 85' lang='lat' dir='ltr'><strong>reete</strong></span> <span class='ocrx_word' id='word_1_95' title='bbox 1070 1347 1225 1412; x_wconf 84' lang='lat' dir='ltr'><strong>reiniavit.</strong></span> <span class='ocrx_word' id='word_1_96' title='bbox 1276 1353 1285 1368; x_wconf 88' lang='lat'><em>&#39;</em></span> <span class='ocrx_word' id='word_1_97' title='bbox 1404 1401 1408 1408; x_wconf 95' lang='lat'><strong>.</strong></span> <span class='ocrx_word' id='word_1_98' title='bbox 1434 1357 1439 1368; x_wconf 89' lang='lat'>&#39;</span> 
     </span>
    </p>
   </div>
   <div class='ocr_carea' id='block_1_2' title="bbox 205 1529 2031 2910">
    <p class='ocr_par' dir='ltr' id='par_1_3' title="bbox 392 1529 2031 1626">
     <span class='ocr_line' id='line_1_9' title="bbox 392 1529 2031 1626; baseline 0.005 -33"><span class='ocrx_word' id='word_1_99' title='bbox 392 1529 459 1594; x_wconf 84' lang='lat' dir='ltr'><strong>lam</strong></span> <span class='ocrx_word' id='word_1_100' title='bbox 481 1532 520 1594; x_wconf 90' lang='lat' dir='ltr'><strong>ad</strong></span> <span class='ocrx_word' id='word_1_101' title='bbox 540 1533 812 1615; x_wconf 78' lang='lat' dir='ltr'><strong>Epistularum</strong></span> <span class='ocrx_word' id='word_1_102' title='bbox 834 1534 920 1596; x_wconf 84' lang='lat' dir='ltr'><strong>Libri</strong></span> <span class='ocrx_word' id='word_1_103' title='bbox 941 1536 1031 1617; x_wconf 85' lang='lat' dir='ltr'><strong>primi</strong></span> <span class='ocrx_word' id='word_1_104' title='bbox 1051 1555 1213 1626; x_wconf 75' lang='lat' dir='ltr'><strong>recensum</strong></span> <span class='ocrx_word' id='word_1_105' title='bbox 1233 1535 1439 1618; x_wconf 78' lang='lat' dir='ltr'><strong>pervenimus,</strong></span> <span class='ocrx_word' id='word_1_106' title='bbox 1463 1535 1571 1616; x_wconf 86' lang='lat' dir='ltr'><strong>quibus</strong></span> <span class='ocrx_word' id='word_1_107' title='bbox 1593 1533 1789 1616; x_wconf 80' lang='lat' dir='ltr'><strong>perficiendis</strong></span> <span class='ocrx_word' id='word_1_108' title='bbox 1811 1533 2031 1617; x_wconf 67' lang='lat' dir='ltr'><strong>Bentlejnsdd.</strong></span> 
     </span>
    </p>

    <p class='ocr_par' dir='ltr' id='par_1_4' title="bbox 205 1645 2003 2440">
     <span class='ocr_line' id='line_1_10' title="bbox 308 1645 2003 1742; baseline 0.006 -34"><span class='ocrx_word' id='word_1_109' title='bbox 308 1645 401 1710; x_wconf 90' lang='lat' dir='ltr'><strong>modo</strong></span> <span class='ocrx_word' id='word_1_110' title='bbox 429 1648 542 1712; x_wconf 85' lang='lat' dir='ltr'><strong>biennii</strong></span> <span class='ocrx_word' id='word_1_111' title='bbox 570 1653 713 1734; x_wconf 86' lang='lat' dir='ltr'><strong>spatium,</strong></span> <span class='ocrx_word' id='word_1_112' title='bbox 741 1674 767 1714; x_wconf 91' lang='lat' dir='ltr'><strong>a.</strong></span> <span class='ocrx_word' id='word_1_113' title='bbox 788 1671 819 1714; x_wconf 90' lang='lat' dir='ltr'><strong>u.</strong></span> <span class='ocrx_word' id='word_1_114' title='bbox 842 1672 867 1715; x_wconf 87' lang='lat' dir='ltr'><strong>o.</strong></span> <span class='ocrx_word' id='word_1_115' title='bbox 896 1651 969 1716; x_wconf 63' lang='lat' dir='ltr'><strong>idi</strong></span> <span class='ocrx_word' id='word_1_116' title='bbox 991 1654 1043 1718; x_wconf 76' lang='lat'><strong>85.</strong></span> <span class='ocrx_word' id='word_1_117' title='bbox 1065 1656 1196 1720; x_wconf 88' lang='lat' dir='ltr'><strong>Horatio</strong></span> <span class='ocrx_word' id='word_1_118' title='bbox 1218 1655 1377 1717; x_wconf 82' lang='lat' dir='ltr'><strong>noncessit.</strong></span> <span class='ocrx_word' id='word_1_119' title='bbox 1421 1653 1484 1716; x_wconf 87' lang='lat' dir='ltr'><strong>Sed</strong></span> <span class='ocrx_word' id='word_1_120' title='bbox 1512 1655 1603 1736; x_wconf 86' lang='lat' dir='ltr'><strong>bnjns</strong></span> <span class='ocrx_word' id='word_1_121' title='bbox 1627 1673 1750 1735; x_wconf 85' lang='lat' dir='ltr'><strong>qnoque</strong></span> <span class='ocrx_word' id='word_1_122' title='bbox 1771 1655 1899 1742; x_wconf 84' lang='lat' dir='ltr'><strong>rationis</strong></span> <span class='ocrx_word' id='word_1_123' title='bbox 1921 1659 1969 1718; x_wconf 84' lang='lat' dir='ltr'><strong>te·</strong></span> <span class='ocrx_word' id='word_1_124' title='bbox 1998 1689 2003 1696; x_wconf 50' lang='lat'><strong>⁴</strong></span> 
     </span>
     <span class='ocr_line' id='line_1_11' title="bbox 307 1765 1971 1856; baseline 0.007 -31"><span class='ocrx_word' id='word_1_125' title='bbox 307 1765 480 1828; x_wconf 84' lang='lat' dir='ltr'><strong>meritstem</strong></span> <span class='ocrx_word' id='word_1_126' title='bbox 502 1767 621 1851; x_wconf 75' lang='lat' dir='ltr'><strong>singula</strong></span> <span class='ocrx_word' id='word_1_127' title='bbox 641 1769 851 1853; x_wconf 76' lang='lat' dir='ltr'><strong>Epistularum</strong></span> <span class='ocrx_word' id='word_1_128' title='bbox 871 1779 1012 1856; x_wconf 86' lang='lat' dir='ltr'><strong>tempora</strong></span> <span class='ocrx_word' id='word_1_129' title='bbox 1041 1775 1211 1837; x_wconf 83' lang='lat' dir='ltr'><strong>accuratius</strong></span> <span class='ocrx_word' id='word_1_130' title='bbox 1234 1773 1391 1855; x_wconf 80' lang='lat' dir='ltr'><strong>explorata</strong></span> <span class='ocrx_word' id='word_1_131' title='bbox 1417 1773 1492 1834; x_wconf 83' lang='lat' dir='ltr'><strong>sotis</strong></span> <span class='ocrx_word' id='word_1_132' title='bbox 1519 1778 1658 1854; x_wconf 74' lang='lat' dir='ltr'><strong>argrinni.</strong></span> <span class='ocrx_word' id='word_1_133' title='bbox 1708 1769 1971 1852; x_wconf 70' lang='lat' dir='ltr'><strong>Soenntmqn·</strong></span> 
     </span>
     <span class='ocr_line' id='line_1_12' title="bbox 307 1881 1969 1972; baseline 0.006 -29"><span class='ocrx_word' id='word_1_134' title='bbox 307 1881 379 1956; x_wconf 83' lang='lat' dir='ltr'><strong>dem</strong></span> <span class='ocrx_word' id='word_1_135' title='bbox 400 1883 585 1964; x_wconf 75' lang='lat' dir='ltr'><strong>Epistolams</strong></span> <span class='ocrx_word' id='word_1_136' title='bbox 609 1889 849 1972; x_wconf 78' lang='lat' dir='ltr'><strong>„Trojaniietli</strong></span> <span class='ocrx_word' id='word_1_137' title='bbox 860 1893 1065 1970; x_wconf 79' lang='lat' dir='ltr'><strong>scriptorem“</strong></span> <span class='ocrx_word' id='word_1_138' title='bbox 1096 1899 1129 1956; x_wconf 88' lang='lat' dir='ltr'><strong>et</strong></span> <span class='ocrx_word' id='word_1_139' title='bbox 1151 1891 1441 1955; x_wconf 72' lang='lat' dir='ltr'><strong>duodevicesimam</strong></span> <span class='ocrx_word' id='word_1_140' title='bbox 1470 1887 1533 1967; x_wconf 84' lang='lat' dir='ltr'><strong>„Si</strong></span> <span class='ocrx_word' id='word_1_141' title='bbox 1544 1889 1620 1952; x_wconf 85' lang='lat' dir='ltr'><strong>ione</strong></span> <span class='ocrx_word' id='word_1_142' title='bbox 1642 1897 1676 1952; x_wconf 89' lang='lat' dir='ltr'><strong>te</strong></span> <span class='ocrx_word' id='word_1_143' title='bbox 1695 1891 1787 1951; x_wconf 60' lang='grc' dir='ltr'><strong>ποοῦ*</strong></span> <span class='ocrx_word' id='word_1_144' title='bbox 1816 1890 1855 1951; x_wconf 88' lang='lat' dir='ltr'><strong>od</strong></span> <span class='ocrx_word' id='word_1_145' title='bbox 1876 1908 1969 1952; x_wconf 84' lang='lat' dir='ltr'><strong>uuum</strong></span> 
     </span>
     <span class='ocr_line' id='line_1_13' title="bbox 205 1980 1970 2096; baseline 0.004 -35"><span class='ocrx_word' id='word_1_146' title='bbox 205 2081 216 2096; x_wconf 92' lang='lat'><strong>.</strong></span> <span class='ocrx_word' id='word_1_147' title='bbox 309 1999 500 2084; x_wconf 80' lang='lat' dir='ltr'><strong>orrudemqne</strong></span> <span class='ocrx_word' id='word_1_148' title='bbox 526 2006 660 2069; x_wconf 85' lang='lat' dir='ltr'><strong>Lollium</strong></span> <span class='ocrx_word' id='word_1_149' title='bbox 688 1980 913 2070; x_wconf 76' lang='lat' dir='ltr'><strong>adolescentem</strong></span> <span class='ocrx_word' id='word_1_150' title='bbox 942 2013 1071 2092; x_wconf 80' lang='lat' dir='ltr'><strong>scriptas</strong></span> <span class='ocrx_word' id='word_1_151' title='bbox 1099 2029 1187 2086; x_wconf 86' lang='lat' dir='ltr'><strong>esse,</strong></span> <span class='ocrx_word' id='word_1_152' title='bbox 1220 2011 1283 2072; x_wconf 77' lang='lat' dir='ltr'><strong>sed·</strong></span> <span class='ocrx_word' id='word_1_153' title='bbox 1310 2009 1400 2070; x_wconf 79' lang='lat' dir='ltr'><strong>uariis</strong></span> <span class='ocrx_word' id='word_1_154' title='bbox 1429 2009 1636 2089; x_wconf 77' lang='lat' dir='ltr'><strong>temporibus,</strong></span> <span class='ocrx_word' id='word_1_155' title='bbox 1675 2026 1807 2087; x_wconf 87' lang='lat' dir='ltr'><strong>eumque</strong></span> <span class='ocrx_word' id='word_1_156' title='bbox 1835 2005 1970 2068; x_wconf 85' lang='lat' dir='ltr'><strong>Lollinm</strong></span> 
     </span>
     <span class='ocr_line' id='line_1_14' title="bbox 308 2119 1969 2208; baseline 0.004 -29"><span class='ocrx_word' id='word_1_157' title='bbox 308 2119 406 2182; x_wconf 89' lang='lat' dir='ltr'><strong>illium</strong></span> <span class='ocrx_word' id='word_1_158' title='bbox 428 2129 500 2184; x_wconf 85' lang='lat' dir='ltr'><strong>natu</strong></span> <span class='ocrx_word' id='word_1_159' title='bbox 529 2125 676 2206; x_wconf 84' lang='lat' dir='ltr'><strong>maj0rem</strong></span> <span class='ocrx_word' id='word_1_160' title='bbox 697 2125 794 2188; x_wconf 86' lang='lat' dir='ltr'><strong>luisse</strong></span> <span class='ocrx_word' id='word_1_161' title='bbox 818 2128 885 2208; x_wconf 75' lang='lat' dir='ltr'><strong>ejus</strong></span> <span class='ocrx_word' id='word_1_162' title='bbox 907 2127 953 2189; x_wconf 85' lang='lat' dir='ltr'><strong>M.</strong></span> <span class='ocrx_word' id='word_1_163' title='bbox 974 2127 1066 2190; x_wconf 84' lang='lat' dir='ltr'><strong>Lollii</strong></span> <span class='ocrx_word' id='word_1_164' title='bbox 1089 2129 1142 2208; x_wconf 89' lang='lat' dir='ltr'><strong>qui</strong></span> <span class='ocrx_word' id='word_1_165' title='bbox 1163 2127 1271 2188; x_wconf 79' lang='lat' dir='ltr'><strong>consul</strong></span> <span class='ocrx_word' id='word_1_166' title='bbox 1292 2147 1319 2187; x_wconf 96' lang='lat' dir='ltr'><strong>a.</strong></span> <span class='ocrx_word' id='word_1_167' title='bbox 1341 2145 1372 2186; x_wconf 90' lang='lat' dir='ltr'><strong>n.</strong></span> <span class='ocrx_word' id='word_1_168' title='bbox 1393 2125 1467 2186; x_wconf 71' lang='lat' dir='ltr'><strong>idi.</strong></span> <span class='ocrx_word' id='word_1_169' title='bbox 1496 2125 1626 2186; x_wconf 86' lang='lat' dir='ltr'><strong>ilorotio</strong></span> <span class='ocrx_word' id='word_1_170' title='bbox 1655 2129 1760 2185; x_wconf 87' lang='lat' dir='ltr'><strong>nostro</strong></span> <span class='ocrx_word' id='word_1_171' title='bbox 1782 2125 1969 2206; x_wconf 80' lang='lat' dir='ltr'><strong>conjunctis-</strong></span> 
     </span>
     <span class='ocr_line' id='line_1_15' title="bbox 228 2221 1972 2329; baseline 0.005 -31"><span class='ocrx_word' id='word_1_172' title='bbox 228 2221 231 2227; x_wconf 69' lang='grc'><strong>’</strong></span> <span class='ocrx_word' id='word_1_173' title='bbox 308 2236 404 2300; x_wconf 88' lang='lat' dir='ltr'><strong>simus</strong></span> <span class='ocrx_word' id='word_1_174' title='bbox 425 2243 557 2304; x_wconf 78' lang='lat' dir='ltr'><strong>carmine</strong></span> <span class='ocrx_word' id='word_1_175' title='bbox 578 2242 646 2304; x_wconf 85' lang='lat' dir='ltr'><strong>Lib.</strong></span> <span class='ocrx_word' id='word_1_176' title='bbox 668 2240 720 2306; x_wconf 89' lang='lat' dir='ltr'><strong>IV.</strong></span> <span class='ocrx_word' id='word_1_177' title='bbox 742 2261 823 2306; x_wconf 91' lang='lat' dir='ltr'><strong>nouo</strong></span> <span class='ocrx_word' id='word_1_178' title='bbox 846 2245 1018 2324; x_wconf 77' lang='lat' dir='ltr'><strong>celebretur</strong></span> <span class='ocrx_word' id='word_1_179' title='bbox 1039 2241 1108 2323; x_wconf 87' lang='lat' dir='ltr'><strong>(nbi</strong></span> <span class='ocrx_word' id='word_1_180' title='bbox 1128 2260 1157 2305; x_wconf 78' lang='lat' dir='ltr'><strong>v.</strong></span> <span class='ocrx_word' id='word_1_181' title='bbox 1172 2241 1263 2329; x_wconf 81' lang='lat' dir='ltr'><strong>ltprr.</strong></span> <span class='ocrx_word' id='word_1_182' title='bbox 1277 2248 1309 2304; x_wconf 90' lang='lat' dir='ltr'><strong>et</strong></span> <span class='ocrx_word' id='word_1_183' title='bbox 1321 2241 1416 2322; x_wconf 76' lang='lat' dir='ltr'><strong>Bayle</strong></span> <span class='ocrx_word' id='word_1_184' title='bbox 1431 2242 1508 2304; x_wconf 81' lang='lat' dir='ltr'><strong>Lex.</strong></span> <span class='ocrx_word' id='word_1_185' title='bbox 1529 2261 1554 2304; x_wconf 89' lang='lat' dir='ltr'><strong>s.</strong></span> <span class='ocrx_word' id='word_1_186' title='bbox 1574 2259 1603 2302; x_wconf 82' lang='lat' dir='ltr'><strong>o.</strong></span> <span class='ocrx_word' id='word_1_187' title='bbox 1623 2237 1759 2318; x_wconf 79' lang='lat' dir='ltr'><strong>Lollius)</strong></span> <span class='ocrx_word' id='word_1_188' title='bbox 1783 2247 1856 2322; x_wconf 89' lang='lat' dir='ltr'><strong>post</strong></span> <span class='ocrx_word' id='word_1_189' title='bbox 1875 2241 1972 2309; x_wconf 70' lang='lat' dir='ltr'><strong>Nori.</strong></span> 
     </span>
     <span class='ocr_line' id='line_1_16' title="bbox 306 2353 1970 2440; baseline 0.005 -26"><span class='ocrx_word' id='word_1_190' title='bbox 306 2353 386 2416; x_wconf 84' lang='lat' dir='ltr'><strong>sium</strong></span> <span class='ocrx_word' id='word_1_191' title='bbox 407 2355 445 2418; x_wconf 89' lang='lat' dir='ltr'><strong>sd</strong></span> <span class='ocrx_word' id='word_1_192' title='bbox 467 2358 637 2438; x_wconf 79' lang='lat' dir='ltr'><strong>cenotapb.</strong></span> <span class='ocrx_word' id='word_1_193' title='bbox 658 2357 722 2420; x_wconf 85' lang='lat' dir='ltr'><strong>Pis.</strong></span> <span class='ocrx_word' id='word_1_194' title='bbox 744 2357 783 2433; x_wconf 94' lang='lat' dir='ltr'><strong>il,</strong></span> <span class='ocrx_word' id='word_1_195' title='bbox 806 2359 856 2420; x_wconf 70' lang='lat'><strong>14„</strong></span> <span class='ocrx_word' id='word_1_196' title='bbox 877 2379 908 2439; x_wconf 86' lang='lat' dir='ltr'><strong>p.</strong></span> <span class='ocrx_word' id='word_1_197' title='bbox 930 2357 1003 2421; x_wconf 80' lang='grc'><strong>255.</strong></span> <span class='ocrx_word' id='word_1_198' title='bbox 1026 2365 1058 2420; x_wconf 89' lang='lat' dir='ltr'><strong>et</strong></span> <span class='ocrx_word' id='word_1_199' title='bbox 1078 2359 1256 2421; x_wconf 85' lang='lat' dir='ltr'><strong>Maesounm</strong></span> <span class='ocrx_word' id='word_1_200' title='bbox 1276 2378 1308 2440; x_wconf 93' lang='lat' dir='ltr'><strong>p.</strong></span> <span class='ocrx_word' id='word_1_201' title='bbox 1329 2359 1402 2420; x_wconf 76' lang='lat' dir='ltr'><strong>not.</strong></span> <span class='ocrx_word' id='word_1_202' title='bbox 1424 2377 1492 2438; x_wconf 77' lang='lat' dir='ltr'><strong>sqq.</strong></span> <span class='ocrx_word' id='word_1_203' title='bbox 1512 2359 1586 2418; x_wconf 68' lang='lat'><strong>824.</strong></span> <span class='ocrx_word' id='word_1_204' title='bbox 1600 2373 1668 2438; x_wconf 82' lang='lat' dir='ltr'><strong>sqq.</strong></span> <span class='ocrx_word' id='word_1_205' title='bbox 1689 2361 1970 2440; x_wconf 81' lang='lat' dir='ltr'><strong>interpreteseotn·</strong></span> 
     </span>
    </p>

    <p class='ocr_par' dir='ltr' id='par_1_5' title="bbox 249 2472 1970 2910">
     <span class='ocr_line' id='line_1_17' title="bbox 249 2472 1970 2563; baseline 0.005 -32"><span class='ocrx_word' id='word_1_206' title='bbox 249 2555 257 2562; x_wconf 83' lang='lat'><em>.</em></span> <span class='ocrx_word' id='word_1_207' title='bbox 309 2475 393 2563; x_wconf 77' lang='lat' dir='ltr'><strong>muni</strong></span> <span class='ocrx_word' id='word_1_208' title='bbox 414 2472 482 2536; x_wconf 87' lang='lat' dir='ltr'><strong>iore</strong></span> <span class='ocrx_word' id='word_1_209' title='bbox 503 2490 654 2533; x_wconf 82' lang='lat' dir='ltr'><strong>consensu</strong></span> <span class='ocrx_word' id='word_1_210' title='bbox 677 2491 711 2534; x_wconf 86' lang='lat' dir='ltr'><strong>ao</strong></span> <span class='ocrx_word' id='word_1_211' title='bbox 733 2492 849 2536; x_wconf 87' lang='lat' dir='ltr'><strong>summe</strong></span> <span class='ocrx_word' id='word_1_212' title='bbox 870 2495 939 2538; x_wconf 85' lang='lat' dir='ltr'><strong>oum</strong></span> <span class='ocrx_word' id='word_1_213' title='bbox 960 2476 1177 2557; x_wconf 85' lang='lat' dir='ltr'><strong>probabilitate</strong></span> <span class='ocrx_word' id='word_1_214' title='bbox 1196 2480 1367 2540; x_wconf 67' lang='lat' dir='ltr'><strong>nanterum</strong></span> <span class='ocrx_word' id='word_1_215' title='bbox 1388 2475 1431 2552; x_wconf 84' lang='lat' dir='ltr'><strong>(v.</strong></span> <span class='ocrx_word' id='word_1_216' title='bbox 1455 2474 1588 2552; x_wconf 89' lang='lat' dir='ltr'><strong>Obbarii,</strong></span> <span class='ocrx_word' id='word_1_217' title='bbox 1609 2475 1778 2538; x_wconf 83' lang='lat' dir='ltr'><strong>doctissimi</strong></span> <span class='ocrx_word' id='word_1_218' title='bbox 1791 2477 1970 2558; x_wconf 72' lang='lat' dir='ltr'><strong>interpreiit</strong></span> 
     </span>
     <span class='ocr_line' id='line_1_18' title="bbox 308 2563 1969 2680; baseline 0.007 -32"><span class='ocrx_word' id='word_1_219' title='bbox 308 2582 451 2670; x_wconf 68' lang='lat' dir='ltr'><strong>Prolegg.</strong></span> <span class='ocrx_word' id='word_1_220' title='bbox 465 2590 504 2652; x_wconf 86' lang='lat' dir='ltr'><strong>ed</strong></span> <span class='ocrx_word' id='word_1_221' title='bbox 516 2591 594 2670; x_wconf 75' lang='lat' dir='ltr'><strong>haue</strong></span> <span class='ocrx_word' id='word_1_222' title='bbox 607 2589 708 2671; x_wconf 77' lang='lat' dir='ltr'><strong>Epist.</strong></span> <span class='ocrx_word' id='word_1_223' title='bbox 719 2592 882 2671; x_wconf 83' lang='lat' dir='ltr'><strong>separatim</strong></span> <span class='ocrx_word' id='word_1_224' title='bbox 897 2593 1009 2656; x_wconf 83' lang='lat' dir='ltr'><strong>editam</strong></span> <span class='ocrx_word' id='word_1_225' title='bbox 1015 2593 1170 2680; x_wconf 75' lang='lat' dir='ltr'><strong>Helberst.</strong></span> <span class='ocrx_word' id='word_1_226' title='bbox 1188 2593 1280 2654; x_wconf 76' lang='lat'><strong>1828.</strong></span> <span class='ocrx_word' id='word_1_227' title='bbox 1293 2590 1351 2672; x_wconf 85' lang='lat'><strong>8.).</strong></span> <span class='ocrx_word' id='word_1_228' title='bbox 1395 2592 1495 2670; x_wconf 77' lang='lat' dir='ltr'><strong>Quem</strong></span> <span class='ocrx_word' id='word_1_229' title='bbox 1517 2611 1586 2654; x_wconf 87' lang='lat' dir='ltr'><strong>unm</strong></span> <span class='ocrx_word' id='word_1_230' title='bbox 1606 2592 1664 2653; x_wconf 86' lang='lat' dir='ltr'><strong>bae</strong></span> <span class='ocrx_word' id='word_1_231' title='bbox 1686 2591 1826 2672; x_wconf 78' lang='lat' dir='ltr'><strong>Epistola</strong></span> <span class='ocrx_word' id='word_1_232' title='bbox 1839 2563 1969 2675; x_wconf 80' lang='lat' dir='ltr'><strong>prternnr</strong></span> 
     </span>
     <span class='ocr_line' id='line_1_19' title="bbox 307 2676 1969 2793; baseline 0.007 -27"><span class='ocrx_word' id='word_1_233' title='bbox 307 2706 399 2767; x_wconf 85' lang='lat' dir='ltr'><strong>etiam</strong></span> <span class='ocrx_word' id='word_1_234' title='bbox 427 2708 460 2784; x_wconf 76' lang='lat' dir='ltr'><strong>iu</strong></span> <span class='ocrx_word' id='word_1_235' title='bbox 477 2676 591 2770; x_wconf 72' lang='lat' dir='ltr'><strong>¹sobole</strong></span> <span class='ocrx_word' id='word_1_236' title='bbox 620 2708 862 2770; x_wconf 80' lang='lat' dir='ltr'><strong>declamitautem</strong></span> <span class='ocrx_word' id='word_1_237' title='bbox 890 2710 1101 2774; x_wconf 78' lang='lat' dir='ltr'><strong>benevolentia</strong></span> <span class='ocrx_word' id='word_1_238' title='bbox 1133 2724 1207 2772; x_wconf 80' lang='lat' dir='ltr'><strong>rere</strong></span> <span class='ocrx_word' id='word_1_239' title='bbox 1234 2691 1361 2790; x_wconf 76' lang='lat' dir='ltr'><strong>peteme</strong></span> <span class='ocrx_word' id='word_1_240' title='bbox 1387 2691 1610 2772; x_wconf 81' lang='lat' dir='ltr'><strong>honestissimis</strong></span> <span class='ocrx_word' id='word_1_241' title='bbox 1638 2709 1676 2770; x_wconf 89' lang='lat' dir='ltr'><strong>ad</strong></span> <span class='ocrx_word' id='word_1_242' title='bbox 1703 2710 1794 2772; x_wconf 80' lang='lat' dir='ltr'><strong>vitam</strong></span> <span class='ocrx_word' id='word_1_243' title='bbox 1822 2713 1969 2793; x_wconf 75' lang='lat' dir='ltr'><strong>agendum</strong></span> 
     </span>
     <span class='ocr_line' id='line_1_20' title="bbox 306 2823 1968 2910; baseline 0.005 -26"><span class='ocrx_word' id='word_1_244' title='bbox 306 2823 441 2884; x_wconf 84' lang='lat' dir='ltr'><strong>ooosiiiis</strong></span> <span class='ocrx_word' id='word_1_245' title='bbox 463 2842 501 2884; x_wconf 83' lang='lat' dir='ltr'><strong>ea</strong></span> <span class='ocrx_word' id='word_1_246' title='bbox 521 2824 688 2886; x_wconf 81' lang='lat' dir='ltr'><strong>Homerios</strong></span> <span class='ocrx_word' id='word_1_247' title='bbox 706 2823 841 2888; x_wconf 83' lang='lat' dir='ltr'><strong>lectione</strong></span> <span class='ocrx_word' id='word_1_248' title='bbox 860 2827 978 2888; x_wconf 81' lang='lat' dir='ltr'><strong>inustis</strong></span> <span class='ocrx_word' id='word_1_249' title='bbox 1000 2827 1119 2905; x_wconf 75' lang='lat' dir='ltr'><strong>mint,</strong></span> <span class='ocrx_word' id='word_1_250' title='bbox 1149 2832 1215 2886; x_wconf 88' lang='lat' dir='ltr'><strong>tum</strong></span> <span class='ocrx_word' id='word_1_251' title='bbox 1234 2825 1268 2887; x_wconf 87' lang='lat' dir='ltr'><strong>iu</strong></span> <span class='ocrx_word' id='word_1_252' title='bbox 1294 2825 1390 2888; x_wconf 86' lang='lat' dir='ltr'><strong>altere</strong></span> <span class='ocrx_word' id='word_1_253' title='bbox 1411 2827 1558 2906; x_wconf 79' lang='lat' dir='ltr'><strong>juvenem</strong></span> <span class='ocrx_word' id='word_1_254' title='bbox 1580 2827 1646 2906; x_wconf 87' lang='lat' dir='ltr'><strong>jam</strong></span> <span class='ocrx_word' id='word_1_255' title='bbox 1673 2827 1782 2891; x_wconf 86' lang='lat' dir='ltr'><strong>militie</strong></span> <span class='ocrx_word' id='word_1_256' title='bbox 1806 2829 1968 2910; x_wconf 83' lang='lat' dir='ltr'><strong>probatum</strong></span> 
     </span>
    </p>
   </div>
   <div class='ocr_carea' id='block_1_3' title="bbox 305 2999 545 3024">
    <p class='ocr_par' dir='ltr' id='par_1_6' title="bbox 305 2999 545 3024">
     <span class='ocr_line' id='line_1_21' title="bbox 305 2999 545 3024; baseline 0.017 -4"><span class='ocrx_word' id='word_1_257' title='bbox 305 2999 545 3024; x_wconf 49' lang='lat' dir='ltr'><strong>—m</strong></span> 
     </span>
    </p>
   </div>
   <div class='ocr_carea' id='block_1_4' title="bbox 306 3155 1998 5001">
    <p class='ocr_par' dir='ltr' id='par_1_7' title="bbox 306 3155 1998 5001">
     <span class='ocr_line' id='line_1_22' title="bbox 374 3155 1971 3239; baseline 0.004 -28"><span class='ocrx_word' id='word_1_258' title='bbox 374 3171 433 3212; x_wconf 87' lang='lat' dir='ltr'><strong>eum</strong></span> <span class='ocrx_word' id='word_1_259' title='bbox 450 3155 511 3212; x_wconf 79' lang='lat' dir='ltr'><strong>dreit</strong></span> <span class='ocrx_word' id='word_1_260' title='bbox 527 3173 550 3215; x_wconf 84' lang='lat' dir='ltr'><strong>r.</strong></span> <span class='ocrx_word' id='word_1_261' title='bbox 568 3164 592 3216; x_wconf 75' lang='lat' dir='ltr'><strong>d</strong></span> <span class='ocrx_word' id='word_1_262' title='bbox 611 3175 668 3230; x_wconf 74' lang='lat' dir='ltr'><strong>seq.</strong></span> <span class='ocrx_word' id='word_1_263' title='bbox 692 3159 827 3231; x_wconf 59' lang='lat' dir='ltr'><strong>‚brenno</strong></span> <span class='ocrx_word' id='word_1_264' title='bbox 842 3161 995 3236; x_wconf 71' lang='lat' dir='ltr'><strong>principun,</strong></span> <span class='ocrx_word' id='word_1_265' title='bbox 1018 3161 1092 3239; x_wconf 83' lang='lat' dir='ltr'><strong>poeni</strong></span> <span class='ocrx_word' id='word_1_266' title='bbox 1109 3161 1177 3236; x_wconf 73' lang='lat' dir='ltr'><strong>legis</strong></span> <span class='ocrx_word' id='word_1_267' title='bbox 1189 3169 1306 3236; x_wconf 74' lang='lat' dir='ltr'><strong>rspertes</strong></span> <span class='ocrx_word' id='word_1_268' title='bbox 1321 3161 1437 3218; x_wconf 68' lang='lat' dir='ltr'><strong>Minoo</strong></span> <span class='ocrx_word' id='word_1_269' title='bbox 1458 3161 1629 3229; x_wconf 78' lang='lat' dir='ltr'><strong>Vindeliei</strong></span> <span class='ocrx_word' id='word_1_270' title='bbox 1646 3161 1760 3217; x_wconf 74' lang='lat' dir='ltr'><strong>didicero</strong></span> <span class='ocrx_word' id='word_1_271' title='bbox 1777 3177 1874 3234; x_wconf 80' lang='lat' dir='ltr'><strong>anper,</strong></span> <span class='ocrx_word' id='word_1_272' title='bbox 1901 3161 1971 3231; x_wconf 79' lang='lat' dir='ltr'><strong>Quid</strong></span> 
     </span>
     <span class='ocr_line' id='line_1_23' title="bbox 376 3240 1970 3318; baseline 0.004 -22"><span class='ocrx_word' id='word_1_273' title='bbox 376 3240 573 3312; x_wconf 71' lang='lat' dir='ltr'><strong>Morteporsem</strong></span> <span class='ocrx_word' id='word_1_274' title='bbox 586 3245 795 3300; x_wconf 77' lang='lat' dir='ltr'><strong>diilr&#39;tenemtoo</strong></span> <span class='ocrx_word' id='word_1_275' title='bbox 807 3247 933 3302; x_wconf 76' lang='lat' dir='ltr'><strong>Densus</strong></span> <span class='ocrx_word' id='word_1_276' title='bbox 951 3242 1148 3316; x_wconf 69' lang='lat' dir='ltr'><strong>Gesbnnos,</strong></span> <span class='ocrx_word' id='word_1_277' title='bbox 1165 3249 1437 3318; x_wconf 74' lang='lat' dir='ltr'><strong>implacidomgonns,</strong></span> <span class='ocrx_word' id='word_1_278' title='bbox 1457 3247 1674 3318; x_wconf 83' lang='lat' dir='ltr'><strong>Brennoepne</strong></span> <span class='ocrx_word' id='word_1_279' title='bbox 1690 3249 1785 3302; x_wconf 86' lang='lat' dir='ltr'><strong>oeloees</strong></span> <span class='ocrx_word' id='word_1_280' title='bbox 1798 3255 1824 3302; x_wconf 90' lang='lat' dir='ltr'><strong>et</strong></span> <span class='ocrx_word' id='word_1_281' title='bbox 1837 3249 1970 3302; x_wconf 69' lang='lat' dir='ltr'><strong>uremdi-</strong></span> 
     </span>
     <span class='ocr_line' id='line_1_24' title="bbox 310 3326 1970 3405; baseline 0.005 -25"><span class='ocrx_word' id='word_1_282' title='bbox 310 3346 316 3354; x_wconf 93' lang='lat'><em>·</em></span> <span class='ocrx_word' id='word_1_283' title='bbox 373 3326 746 3398; x_wconf 76' lang='lat' dir='ltr'><strong>pidasr&#39;nrporitsstremmdie</strong></span> <span class='ocrx_word' id='word_1_284' title='bbox 762 3331 864 3400; x_wconf 74' lang='lat' dir='ltr'><strong>Dejetit</strong></span> <span class='ocrx_word' id='word_1_285' title='bbox 879 3349 941 3388; x_wconf 81' lang='lat' dir='ltr'><strong>treet</strong></span> <span class='ocrx_word' id='word_1_286' title='bbox 959 3335 1038 3405; x_wconf 79' lang='lat' dir='ltr'><strong>plns</strong></span> <span class='ocrx_word' id='word_1_287' title='bbox 1055 3333 1315 3405; x_wconf 65' lang='lat' dir='ltr'><strong>oiee&#39;siotplieip</strong></span> <span class='ocrx_word' id='word_1_288' title='bbox 1350 3333 1462 3398; x_wconf 74' lang='lat' dir='ltr'><strong>Major</strong></span> <span class='ocrx_word' id='word_1_289' title='bbox 1480 3331 1647 3385; x_wconf 74' lang='lat' dir='ltr'><strong>Neronum</strong></span> <span class='ocrx_word' id='word_1_290' title='bbox 1669 3349 1727 3385; x_wconf 80' lang='lat' dir='ltr'><strong>mos·</strong></span> <span class='ocrx_word' id='word_1_291' title='bbox 1745 3349 1828 3402; x_wconf 72' lang='lat' dir='ltr'><strong>geom</strong></span> <span class='ocrx_word' id='word_1_292' title='bbox 1845 3333 1970 3402; x_wconf 69' lang='lat' dir='ltr'><strong>ponetis·</strong></span> 
     </span>
     <span class='ocr_line' id='line_1_25' title="bbox 378 3411 1972 3490; baseline 0.004 -24"><span class='ocrx_word' id='word_1_293' title='bbox 378 3411 519 3478; x_wconf 65' lang='lat' dir='ltr'><strong>Commisit,</strong></span> <span class='ocrx_word' id='word_1_294' title='bbox 535 3415 753 3485; x_wconf 80' lang='lat' dir='ltr'><strong>immorerpos</strong></span> <span class='ocrx_word' id='word_1_295' title='bbox 769 3417 892 3470; x_wconf 85' lang='lat' dir='ltr'><strong>iloetoe</strong></span> <span class='ocrx_word' id='word_1_296' title='bbox 910 3420 1038 3490; x_wconf 77' lang='lat' dir='ltr'><strong>Auspiciis</strong></span> <span class='ocrx_word' id='word_1_297' title='bbox 1046 3417 1145 3490; x_wconf 75' lang='lat' dir='ltr'><strong>pepottr</strong></span> <span class='ocrx_word' id='word_1_298' title='bbox 1157 3418 1303 3472; x_wconf 85' lang='lat' dir='ltr'><strong>seeondir.“</strong></span> <span class='ocrx_word' id='word_1_299' title='bbox 1337 3415 1407 3478; x_wconf 82' lang='lat' dir='ltr'><strong>Quid</strong></span> <span class='ocrx_word' id='word_1_300' title='bbox 1421 3417 1535 3486; x_wconf 86' lang='lat' dir='ltr'><strong>apertius</strong></span> <span class='ocrx_word' id='word_1_301' title='bbox 1548 3413 1596 3468; x_wconf 88' lang='lat' dir='ltr'><strong>dlel</strong></span> <span class='ocrx_word' id='word_1_302' title='bbox 1609 3421 1719 3484; x_wconf 83' lang='lat' dir='ltr'><strong>poteret,</strong></span> <span class='ocrx_word' id='word_1_303' title='bbox 1737 3430 1815 3484; x_wconf 80' lang='lat' dir='ltr'><strong>qnam</strong></span> <span class='ocrx_word' id='word_1_304' title='bbox 1824 3415 1972 3472; x_wconf 77' lang='lat' dir='ltr'><strong>Vindelicos</strong></span> 
     </span>
     <span class='ocr_line' id='line_1_26' title="bbox 376 3493 1972 3572; baseline 0.004 -25"><span class='ocrx_word' id='word_1_305' title='bbox 376 3507 393 3546; x_wconf 89' lang='lat' dir='ltr'><strong>a</strong></span> <span class='ocrx_word' id='word_1_306' title='bbox 406 3493 492 3549; x_wconf 77' lang='lat' dir='ltr'><strong>linteo</strong></span> <span class='ocrx_word' id='word_1_307' title='bbox 505 3511 556 3551; x_wconf 82' lang='lat' dir='ltr'><strong>rou</strong></span> <span class='ocrx_word' id='word_1_308' title='bbox 568 3501 658 3564; x_wconf 85' lang='lat' dir='ltr'><strong>semei,</strong></span> <span class='ocrx_word' id='word_1_309' title='bbox 676 3500 723 3553; x_wconf 89' lang='lat' dir='ltr'><strong>sed</strong></span> <span class='ocrx_word' id='word_1_310' title='bbox 736 3495 795 3569; x_wconf 71' lang='lat' dir='ltr'><strong>pits</strong></span> <span class='ocrx_word' id='word_1_311' title='bbox 805 3500 987 3572; x_wconf 80' lang='lat' dir='ltr'><strong>eleeeimptioi,</strong></span> <span class='ocrx_word' id='word_1_312' title='bbox 1004 3505 1031 3558; x_wconf 89' lang='lat' dir='ltr'><strong>ld</strong></span> <span class='ocrx_word' id='word_1_313' title='bbox 1046 3511 1094 3568; x_wconf 84' lang='lat' dir='ltr'><strong>est,</strong></span> <span class='ocrx_word' id='word_1_314' title='bbox 1118 3509 1146 3557; x_wconf 89' lang='lat' dir='ltr'><strong>et</strong></span> <span class='ocrx_word' id='word_1_315' title='bbox 1161 3515 1222 3555; x_wconf 78' lang='lat' dir='ltr'><strong>tere</strong></span> <span class='ocrx_word' id='word_1_316' title='bbox 1243 3505 1270 3553; x_wconf 88' lang='lat' dir='ltr'><strong>et</strong></span> <span class='ocrx_word' id='word_1_317' title='bbox 1286 3505 1387 3553; x_wconf 86' lang='lat' dir='ltr'><strong>aestate</strong></span> <span class='ocrx_word' id='word_1_318' title='bbox 1402 3499 1534 3565; x_wconf 67' lang='lat' dir='ltr'><strong>desistore</strong></span> <span class='ocrx_word' id='word_1_319' title='bbox 1568 3507 1659 3552; x_wconf 84' lang='lat' dir='ltr'><strong>eontra</strong></span> <span class='ocrx_word' id='word_1_320' title='bbox 1676 3499 1807 3553; x_wconf 83' lang='lat' dir='ltr'><strong>Raetos</strong></span> <span class='ocrx_word' id='word_1_321' title='bbox 1833 3515 1850 3554; x_wconf 88' lang='lat' dir='ltr'><strong>a</strong></span> <span class='ocrx_word' id='word_1_322' title='bbox 1871 3502 1972 3568; x_wconf 71' lang='lat' dir='ltr'><strong>majore</strong></span> 
     </span>
     <span class='ocr_line' id='line_1_27' title="bbox 377 3573 1971 3652; baseline 0.006 -23"><span class='ocrx_word' id='word_1_323' title='bbox 377 3573 518 3643; x_wconf 64' lang='lat' dir='ltr'><strong>Neroua,</strong></span> <span class='ocrx_word' id='word_1_324' title='bbox 535 3580 653 3646; x_wconf 78' lang='lat' dir='ltr'><strong>Tiberio,</strong></span> <span class='ocrx_word' id='word_1_325' title='bbox 670 3597 736 3634; x_wconf 67' lang='lat' dir='ltr'><strong>tnoa⁴</strong></span> <span class='ocrx_word' id='word_1_326' title='bbox 748 3585 820 3650; x_wconf 70' lang='lat' dir='ltr'><strong>ptari</strong></span> <span class='ocrx_word' id='word_1_327' title='bbox 838 3587 936 3650; x_wconf 86' lang='lat' dir='ltr'><strong>proelio</strong></span> <span class='ocrx_word' id='word_1_328' title='bbox 954 3599 1014 3638; x_wconf 83' lang='lat' dir='ltr'><strong>esse</strong></span> <span class='ocrx_word' id='word_1_329' title='bbox 1030 3585 1139 3652; x_wconf 79' lang='lat' dir='ltr'><strong>petrosi</strong></span> <span class='ocrx_word' id='word_1_330' title='bbox 1174 3583 1241 3634; x_wconf 81' lang='lat' dir='ltr'><strong>Nam</strong></span> <span class='ocrx_word' id='word_1_331' title='bbox 1259 3581 1401 3634; x_wconf 86' lang='lat' dir='ltr'><strong>(leuaouos</strong></span> <span class='ocrx_word' id='word_1_332' title='bbox 1419 3589 1446 3634; x_wconf 87' lang='lat' dir='ltr'><strong>et</strong></span> <span class='ocrx_word' id='word_1_333' title='bbox 1462 3583 1581 3635; x_wconf 85' lang='lat' dir='ltr'><strong>Breouos</strong></span> <span class='ocrx_word' id='word_1_334' title='bbox 1600 3597 1620 3634; x_wconf 89' lang='lat' dir='ltr'><strong>s.</strong></span> <span class='ocrx_word' id='word_1_335' title='bbox 1645 3583 1762 3636; x_wconf 83' lang='lat' dir='ltr'><strong>Breunos</strong></span> <span class='ocrx_word' id='word_1_336' title='bbox 1780 3581 1971 3638; x_wconf 79' lang='lat' dir='ltr'><strong>vndetteomu</strong></span> 
     </span>
     <span class='ocr_line' id='line_1_28' title="bbox 377 3661 1970 3734; baseline 0.004 -21"><span class='ocrx_word' id='word_1_337' title='bbox 377 3667 468 3729; x_wconf 87' lang='lat' dir='ltr'><strong>partes</strong></span> <span class='ocrx_word' id='word_1_338' title='bbox 484 3661 571 3726; x_wconf 87' lang='lat' dir='ltr'><strong>luisse,</strong></span> <span class='ocrx_word' id='word_1_339' title='bbox 588 3669 617 3717; x_wconf 86' lang='lat' dir='ltr'><strong>et</strong></span> <span class='ocrx_word' id='word_1_340' title='bbox 629 3664 796 3717; x_wconf 75' lang='lat' dir='ltr'><strong>Ptolomeus</strong></span> <span class='ocrx_word' id='word_1_341' title='bbox 808 3665 907 3734; x_wconf 75' lang='lat' dir='ltr'><strong>Geogr.</strong></span> <span class='ocrx_word' id='word_1_342' title='bbox 920 3668 951 3719; x_wconf 71' lang='grc' dir='ltr'><strong>Ι.</strong></span> <span class='ocrx_word' id='word_1_343' title='bbox 965 3667 1000 3730; x_wconf 86' lang='grc' dir='ltr'><strong>ΙΙ,</strong></span> <span class='ocrx_word' id='word_1_344' title='bbox 1016 3670 1055 3719; x_wconf 73' lang='lat' dir='ltr'><strong>tn.</strong></span> <span class='ocrx_word' id='word_1_345' title='bbox 1071 3666 1147 3718; x_wconf 85' lang='lat' dir='ltr'><strong>tostis</strong></span> <span class='ocrx_word' id='word_1_346' title='bbox 1158 3669 1207 3730; x_wconf 84' lang='lat' dir='ltr'><strong>est,</strong></span> <span class='ocrx_word' id='word_1_347' title='bbox 1227 3669 1253 3716; x_wconf 84' lang='lat' dir='ltr'><strong>et</strong></span> <span class='ocrx_word' id='word_1_348' title='bbox 1265 3663 1362 3716; x_wconf 81' lang='lat' dir='ltr'><strong>Strabo</strong></span> <span class='ocrx_word' id='word_1_349' title='bbox 1373 3664 1405 3717; x_wconf 77' lang='grc' dir='ltr'><strong>Ι..</strong></span> <span class='ocrx_word' id='word_1_350' title='bbox 1418 3663 1463 3729; x_wconf 78' lang='lat' dir='ltr'><strong>ll&#39;,</strong></span> <span class='ocrx_word' id='word_1_351' title='bbox 1480 3681 1505 3733; x_wconf 91' lang='lat' dir='ltr'><strong>p.</strong></span> <span class='ocrx_word' id='word_1_352' title='bbox 1518 3667 1577 3715; x_wconf 70' lang='lat'><strong>2⁰⁶.</strong></span> <span class='ocrx_word' id='word_1_353' title='bbox 1590 3665 1622 3716; x_wconf 85' lang='lat' dir='ltr'><strong>B.</strong></span> <span class='ocrx_word' id='word_1_354' title='bbox 1642 3664 1717 3732; x_wconf 85' lang='lat' dir='ltr'><strong>enias</strong></span> <span class='ocrx_word' id='word_1_355' title='bbox 1728 3665 1807 3718; x_wconf 85' lang='lat' dir='ltr'><strong>rerba</strong></span> <span class='ocrx_word' id='word_1_356' title='bbox 1820 3663 1885 3718; x_wconf 87' lang='lat' dir='ltr'><strong>baeo</strong></span> <span class='ocrx_word' id='word_1_357' title='bbox 1896 3671 1970 3720; x_wconf 78' lang='lat' dir='ltr'><strong>sunto</strong></span> 
     </span>
     <span class='ocr_line' id='line_1_29' title="bbox 306 3745 1971 3824; baseline 0.002 -24"><span class='ocrx_word' id='word_1_358' title='bbox 306 3781 309 3792; x_wconf 88' lang='lat'>·</span> <span class='ocrx_word' id='word_1_359' title='bbox 376 3747 415 3800; x_wconf 88' lang='grc' dir='ltr'><strong>ΟΙ</strong></span> <span class='ocrx_word' id='word_1_360' title='bbox 429 3747 460 3801; x_wconf 80' lang='lat' dir='ltr'><strong>di</strong></span> <span class='ocrx_word' id='word_1_361' title='bbox 477 3746 652 3803; x_wconf 75' lang='lat' dir='ltr'><strong>Odtrdelntoi</strong></span> <span class='ocrx_word' id='word_1_362' title='bbox 667 3751 714 3803; x_wconf 76' lang='lat' dir='ltr'><strong>stul</strong></span> <span class='ocrx_word' id='word_1_363' title='bbox 729 3749 851 3820; x_wconf 74' lang='lat' dir='ltr'><strong>Nmptxoi</strong></span> <span class='ocrx_word' id='word_1_364' title='bbox 867 3747 916 3816; x_wconf 75' lang='grc' dir='ltr'><strong>τὴν</strong></span> <span class='ocrx_word' id='word_1_365' title='bbox 931 3748 1007 3810; x_wconf 67' lang='grc' dir='ltr'><strong><em>ἐκτὸς</em></strong></span> <span class='ocrx_word' id='word_1_366' title='bbox 1021 3755 1181 3824; x_wconf 71' lang='grc' dir='ltr'><strong><em>παρωρείαν</em></strong></span> <span class='ocrx_word' id='word_1_367' title='bbox 1195 3747 1382 3816; x_wconf 65' lang='grc' dir='ltr'><strong>κατέχουσϋτό</strong></span> <span class='ocrx_word' id='word_1_368' title='bbox 1397 3751 1485 3802; x_wconf 74' lang='lat' dir='ltr'><strong>nitor</strong></span> <span class='ocrx_word' id='word_1_369' title='bbox 1507 3745 1723 3820; x_wconf 73' lang='lat' dir='ltr'><strong>perd‘Bpsrivnv</strong></span> <span class='ocrx_word' id='word_1_370' title='bbox 1746 3749 1794 3802; x_wconf 74' lang='lat' dir='ltr'><strong>eol</strong></span> <span class='ocrx_word' id='word_1_371' title='bbox 1815 3746 1971 3804; x_wconf 80' lang='grc' dir='ltr'><strong>Γεναὺνων.</strong></span> 
     </span>
     <span class='ocr_line' id='line_1_30' title="bbox 375 3825 1971 3910; baseline 0.003 -26"><span class='ocrx_word' id='word_1_372' title='bbox 375 3837 406 3884; x_wconf 79' lang='lat' dir='ltr'><strong>ut</strong></span> <span class='ocrx_word' id='word_1_373' title='bbox 417 3831 530 3887; x_wconf 73' lang='lat' dir='ltr'><strong>emon.</strong></span> <span class='ocrx_word' id='word_1_374' title='bbox 542 3835 610 3888; x_wconf 79' lang='lat' dir='ltr'><strong>beoe</strong></span> <span class='ocrx_word' id='word_1_375' title='bbox 620 3835 733 3888; x_wconf 86' lang='lat' dir='ltr'><strong>restituit</strong></span> <span class='ocrx_word' id='word_1_376' title='bbox 744 3847 791 3902; x_wconf 89' lang='lat' dir='ltr'><strong>pro</strong></span> <span class='ocrx_word' id='word_1_377' title='bbox 805 3832 895 3887; x_wconf 77' lang='lat' dir='ltr'><strong>Aldina</strong></span> <span class='ocrx_word' id='word_1_378' title='bbox 907 3835 1019 3889; x_wconf 74' lang='lat' dir='ltr'><strong>lectione</strong></span> <span class='ocrx_word' id='word_1_379' title='bbox 1030 3839 1178 3910; x_wconf 69' lang='lat' dir='ltr'><strong>Bptysnm</strong></span> <span class='ocrx_word' id='word_1_380' title='bbox 1193 3833 1226 3889; x_wconf 91' lang='lat' dir='ltr'><strong>ei.</strong></span> <span class='ocrx_word' id='word_1_381' title='bbox 1239 3825 1332 3886; x_wconf 76' lang='lat' dir='ltr'><strong>cetur.</strong></span> <span class='ocrx_word' id='word_1_382' title='bbox 1346 3833 1444 3910; x_wconf 64' lang='lat' dir='ltr'><strong>deogr.</strong></span> <span class='ocrx_word' id='word_1_383' title='bbox 1456 3831 1539 3897; x_wconf 71' lang='lat' dir='ltr'><strong>iniq.</strong></span> <span class='ocrx_word' id='word_1_384' title='bbox 1546 3829 1578 3884; x_wconf 83' lang='lat' dir='ltr'><strong>T.</strong></span> <span class='ocrx_word' id='word_1_385' title='bbox 1591 3831 1611 3885; x_wconf 94' lang='grc' dir='ltr'><strong>Ι.</strong></span> <span class='ocrx_word' id='word_1_386' title='bbox 1620 3831 1651 3884; x_wconf 84' lang='lat'><strong>1..</strong></span> <span class='ocrx_word' id='word_1_387' title='bbox 1663 3831 1697 3884; x_wconf 92' lang='grc' dir='ltr'><strong>ΙΙ.</strong></span> <span class='ocrx_word' id='word_1_388' title='bbox 1710 3847 1732 3885; x_wconf 89' lang='lat' dir='ltr'><strong>e.</strong></span> <span class='ocrx_word' id='word_1_389' title='bbox 1746 3837 1770 3884; x_wconf 78' lang='lat' dir='ltr'><strong>t.</strong></span> <span class='ocrx_word' id='word_1_390' title='bbox 1785 3835 1809 3899; x_wconf 74' lang='lat' dir='ltr'><strong>s.</strong></span> <span class='ocrx_word' id='word_1_391' title='bbox 1818 3833 1860 3885; x_wconf 75' lang='lat'><strong>24.</strong></span> <span class='ocrx_word' id='word_1_392' title='bbox 1873 3833 1971 3900; x_wconf 82' lang='lat' dir='ltr'><strong>qoieos</strong></span> 
     </span>
     <span class='ocr_line' id='line_1_31' title="bbox 374 3912 1971 3998; baseline 0.001 -28"><span class='ocrx_word' id='word_1_393' title='bbox 374 3915 411 3970; x_wconf 80' lang='lat' dir='ltr'><strong>ad</strong></span> <span class='ocrx_word' id='word_1_394' title='bbox 424 3912 525 3972; x_wconf 82' lang='lat' dir='ltr'><strong>nriices</strong></span> <span class='ocrx_word' id='word_1_395' title='bbox 537 3917 679 3972; x_wconf 87' lang='lat' dir='ltr'><strong>lieetarum</strong></span> <span class='ocrx_word' id='word_1_396' title='bbox 693 3917 791 3988; x_wconf 79' lang='lat' dir='ltr'><strong>Alpium</strong></span> <span class='ocrx_word' id='word_1_397' title='bbox 808 3919 876 3973; x_wconf 83' lang='lat' dir='ltr'><strong>circe</strong></span> <span class='ocrx_word' id='word_1_398' title='bbox 892 3921 990 3974; x_wconf 77' lang='lat' dir='ltr'><strong>denam</strong></span> <span class='ocrx_word' id='word_1_399' title='bbox 1002 3921 1105 3974; x_wconf 66' lang='lat' dir='ltr'><strong>dodum</strong></span> <span class='ocrx_word' id='word_1_400' title='bbox 1122 3918 1253 3972; x_wconf 86' lang='lat' dir='ltr'><strong>babitasse</strong></span> <span class='ocrx_word' id='word_1_401' title='bbox 1267 3931 1299 3970; x_wconf 82' lang='lat' dir='ltr'><strong>ex</strong></span> <span class='ocrx_word' id='word_1_402' title='bbox 1312 3915 1438 3969; x_wconf 75' lang='lat' dir='ltr'><strong>Vmaodo</strong></span> <span class='ocrx_word' id='word_1_403' title='bbox 1452 3915 1587 3972; x_wconf 75' lang='lat' dir='ltr'><strong>Fortunat.</strong></span> <span class='ocrx_word' id='word_1_404' title='bbox 1624 3917 1683 3970; x_wconf 85' lang='lat' dir='ltr'><strong>Vita</strong></span> <span class='ocrx_word' id='word_1_405' title='bbox 1702 3917 1730 3970; x_wconf 86' lang='lat' dir='ltr'><strong>S.</strong></span> <span class='ocrx_word' id='word_1_406' title='bbox 1741 3915 1847 3970; x_wconf 74' lang='lat' dir='ltr'><strong>Martini</strong></span> <span class='ocrx_word' id='word_1_407' title='bbox 1860 3916 1971 3998; x_wconf 79' lang='lat' dir='ltr'><strong>demon·</strong></span> 
     </span>
     <span class='ocr_line' id='line_1_32' title="bbox 378 3999 1972 4075; baseline -0.001 -20"><span class='ocrx_word' id='word_1_408' title='bbox 378 4003 483 4055; x_wconf 72' lang='lat' dir='ltr'><strong>sintin</strong></span> <span class='ocrx_word' id='word_1_409' title='bbox 506 4003 585 4068; x_wconf 71' lang='lat' dir='ltr'><strong>„Quo</strong></span> <span class='ocrx_word' id='word_1_410' title='bbox 604 4002 691 4056; x_wconf 78' lang='lat' dir='ltr'><strong>oleion</strong></span> <span class='ocrx_word' id='word_1_411' title='bbox 708 4004 799 4056; x_wconf 69' lang='lat' dir='ltr'><strong>sedern</strong></span> <span class='ocrx_word' id='word_1_412' title='bbox 816 4003 978 4058; x_wconf 77' lang='lat' dir='ltr'><strong>Brennum</strong></span> <span class='ocrx_word' id='word_1_413' title='bbox 995 4007 1061 4071; x_wconf 84' lang='lat' dir='ltr'><strong>loeo,</strong></span> <span class='ocrx_word' id='word_1_414' title='bbox 1082 4021 1176 4075; x_wconf 76' lang='lat' dir='ltr'><strong>porge,</strong></span> <span class='ocrx_word' id='word_1_415' title='bbox 1191 4019 1239 4073; x_wconf 86' lang='lat' dir='ltr'><strong>per</strong></span> <span class='ocrx_word' id='word_1_416' title='bbox 1255 4001 1346 4071; x_wconf 81' lang='lat' dir='ltr'><strong>Alpem</strong></span> <span class='ocrx_word' id='word_1_417' title='bbox 1365 3999 1532 4071; x_wconf 74' lang='lat' dir='ltr'><strong>ingrediens,</strong></span> <span class='ocrx_word' id='word_1_418' title='bbox 1554 3999 1649 4070; x_wconf 78' lang='lat' dir='ltr'><strong>rapido</strong></span> <span class='ocrx_word' id='word_1_419' title='bbox 1669 4019 1720 4070; x_wconf 83' lang='lat' dir='ltr'><strong>pseu</strong></span> <span class='ocrx_word' id='word_1_420' title='bbox 1737 4002 1848 4072; x_wconf 71' lang='lat' dir='ltr'><strong>gurgite</strong></span> <span class='ocrx_word' id='word_1_421' title='bbox 1862 4001 1972 4054; x_wconf 80' lang='lat' dir='ltr'><strong>ooloitnr</strong></span> 
     </span>
     <span class='ocr_line' id='line_1_33' title="bbox 379 4082 1972 4158; baseline 0 -18"><span class='ocrx_word' id='word_1_422' title='bbox 379 4087 495 4140; x_wconf 58' lang='grc' dir='ltr'><strong>Μεθ’</strong></span> <span class='ocrx_word' id='word_1_423' title='bbox 530 4086 607 4140; x_wconf 78' lang='lat' dir='ltr'><strong>bland</strong></span> <span class='ocrx_word' id='word_1_424' title='bbox 617 4095 705 4140; x_wconf 86' lang='lat' dir='ltr'><strong>tameo</strong></span> <span class='ocrx_word' id='word_1_425' title='bbox 716 4087 789 4140; x_wconf 86' lang='lat' dir='ltr'><strong>nobis</strong></span> <span class='ocrx_word' id='word_1_426' title='bbox 801 4087 958 4142; x_wconf 87' lang='lat' dir='ltr'><strong>reticendum</strong></span> <span class='ocrx_word' id='word_1_427' title='bbox 972 4099 1021 4157; x_wconf 82' lang='lat' dir='ltr'><strong>est,</strong></span> <span class='ocrx_word' id='word_1_428' title='bbox 1037 4089 1106 4158; x_wconf 87' lang='lat' dir='ltr'><strong>apud</strong></span> <span class='ocrx_word' id='word_1_429' title='bbox 1120 4087 1230 4142; x_wconf 86' lang='lat' dir='ltr'><strong>Plinium</strong></span> <span class='ocrx_word' id='word_1_430' title='bbox 1243 4085 1279 4139; x_wconf 80' lang='grc' dir='ltr'><strong>ΙΙ.</strong></span> <span class='ocrx_word' id='word_1_431' title='bbox 1290 4087 1350 4138; x_wconf 83' lang='lat' dir='ltr'><strong>Nat.</strong></span> <span class='ocrx_word' id='word_1_432' title='bbox 1362 4082 1409 4148; x_wconf 91' lang='grc' dir='ltr'>ΙΙΙ,</span> <span class='ocrx_word' id='word_1_433' title='bbox 1421 4087 1463 4137; x_wconf 80' lang='lat' dir='ltr'><strong>st.</strong></span> <span class='ocrx_word' id='word_1_434' title='bbox 1480 4083 1526 4150; x_wconf 88' lang='grc' dir='ltr'><strong>(Ἰ.</strong></span> <span class='ocrx_word' id='word_1_435' title='bbox 1543 4083 1564 4136; x_wconf 91' lang='grc' dir='ltr'><strong>Ι.</strong></span> <span class='ocrx_word' id='word_1_436' title='bbox 1585 4103 1609 4152; x_wconf 88' lang='lat' dir='ltr'><strong>p.</strong></span> <span class='ocrx_word' id='word_1_437' title='bbox 1626 4089 1685 4137; x_wconf 72' lang='lat' dir='ltr'><strong>m.</strong></span> <span class='ocrx_word' id='word_1_438' title='bbox 1703 4085 1763 4151; x_wconf 82' lang='lat' dir='ltr'><strong>Pr.)</strong></span> <span class='ocrx_word' id='word_1_439' title='bbox 1781 4085 1972 4152; x_wconf 75' lang='lat' dir='ltr'><strong>inscriptionem</strong></span> 
     </span>
     <span class='ocr_line' id='line_1_34' title="bbox 380 4165 1972 4243; baseline 0 -21"><span class='ocrx_word' id='word_1_440' title='bbox 380 4183 398 4222; x_wconf 87' lang='lat' dir='ltr'><strong>e</strong></span> <span class='ocrx_word' id='word_1_441' title='bbox 410 4169 537 4240; x_wconf 75' lang='lat' dir='ltr'><strong>trophaeo</strong></span> <span class='ocrx_word' id='word_1_442' title='bbox 552 4171 651 4240; x_wconf 74' lang='lat' dir='ltr'><strong>Alpium</strong></span> <span class='ocrx_word' id='word_1_443' title='bbox 666 4171 734 4238; x_wconf 85' lang='lat' dir='ltr'><strong>qood</strong></span> <span class='ocrx_word' id='word_1_444' title='bbox 747 4187 780 4224; x_wconf 83' lang='lat' dir='ltr'><strong>er</strong></span> <span class='ocrx_word' id='word_1_445' title='bbox 792 4169 840 4224; x_wconf 85' lang='lat' dir='ltr'><strong>boo</strong></span> <span class='ocrx_word' id='word_1_446' title='bbox 852 4173 908 4239; x_wconf 85' lang='lat' dir='ltr'><strong>ipse</strong></span> <span class='ocrx_word' id='word_1_447' title='bbox 923 4172 1088 4243; x_wconf 72' lang='lat' dir='ltr'><strong>expeditione</strong></span> <span class='ocrx_word' id='word_1_448' title='bbox 1102 4175 1219 4241; x_wconf 76' lang='lat' dir='ltr'><strong>Angusto</strong></span> <span class='ocrx_word' id='word_1_449' title='bbox 1237 4171 1266 4223; x_wconf 86' lang='lat' dir='ltr'><strong>S.</strong></span> <span class='ocrx_word' id='word_1_450' title='bbox 1279 4170 1310 4222; x_wconf 93' lang='lat' dir='ltr'><strong>P.</strong></span> <span class='ocrx_word' id='word_1_451' title='bbox 1326 4169 1361 4230; x_wconf 78' lang='lat' dir='ltr'><strong>Q.</strong></span> <span class='ocrx_word' id='word_1_452' title='bbox 1373 4168 1408 4220; x_wconf 80' lang='lat' dir='ltr'><strong>ll.</strong></span> <span class='ocrx_word' id='word_1_453' title='bbox 1421 4169 1560 4232; x_wconf 84' lang='lat' dir='ltr'><strong>coustituit,</strong></span> <span class='ocrx_word' id='word_1_454' title='bbox 1579 4165 1705 4234; x_wconf 80' lang='lat' dir='ltr'><strong>exbiberi,</strong></span> <span class='ocrx_word' id='word_1_455' title='bbox 1729 4169 1754 4221; x_wconf 93' lang='lat' dir='ltr'><strong>in</strong></span> <span class='ocrx_word' id='word_1_456' title='bbox 1770 4183 1821 4235; x_wconf 85' lang='lat' dir='ltr'><strong>qna</strong></span> <span class='ocrx_word' id='word_1_457' title='bbox 1833 4168 1932 4222; x_wconf 82' lang='lat' dir='ltr'><strong>Breuni</strong></span> <span class='ocrx_word' id='word_1_458' title='bbox 1944 4173 1972 4222; x_wconf 86' lang='lat' dir='ltr'><strong>et</strong></span> 
     </span>
     <span class='ocr_line' id='line_1_35' title="bbox 380 4249 1972 4327; baseline 0 -21"><span class='ocrx_word' id='word_1_459' title='bbox 380 4253 520 4308; x_wconf 76' lang='lat' dir='ltr'><strong>tiermes</strong></span> <span class='ocrx_word' id='word_1_460' title='bbox 535 4257 559 4306; x_wconf 91' lang='lat' dir='ltr'><strong>ln</strong></span> <span class='ocrx_word' id='word_1_461' title='bbox 573 4254 807 4322; x_wconf 71' lang='lat' dir='ltr'><strong>gentibusipuidem</strong></span> <span class='ocrx_word' id='word_1_462' title='bbox 818 4256 922 4324; x_wconf 73' lang='lat' dir='ltr'><strong>Alpinis,</strong></span> <span class='ocrx_word' id='word_1_463' title='bbox 940 4258 987 4310; x_wconf 85' lang='lat' dir='ltr'><strong>sed</strong></span> <span class='ocrx_word' id='word_1_464' title='bbox 998 4274 1049 4312; x_wconf 91' lang='lat' dir='ltr'><strong>nou</strong></span> <span class='ocrx_word' id='word_1_465' title='bbox 1062 4257 1164 4327; x_wconf 86' lang='lat' dir='ltr'><strong>propria</strong></span> <span class='ocrx_word' id='word_1_466' title='bbox 1180 4259 1205 4310; x_wconf 87' lang='lat' dir='ltr'><strong>in</strong></span> <span class='ocrx_word' id='word_1_467' title='bbox 1224 4254 1362 4309; x_wconf 78' lang='lat' dir='ltr'><strong>Vindelicis</strong></span> <span class='ocrx_word' id='word_1_468' title='bbox 1383 4259 1554 4306; x_wconf 88' lang='lat' dir='ltr'><strong>numerantur.</strong></span> <span class='ocrx_word' id='word_1_469' title='bbox 1590 4253 1666 4304; x_wconf 86' lang='lat' dir='ltr'><strong>Unde</strong></span> <span class='ocrx_word' id='word_1_470' title='bbox 1686 4260 1766 4320; x_wconf 83' lang='lat' dir='ltr'><strong>patet,</strong></span> <span class='ocrx_word' id='word_1_471' title='bbox 1784 4267 1836 4306; x_wconf 88' lang='lat' dir='ltr'><strong>ooo</strong></span> <span class='ocrx_word' id='word_1_472' title='bbox 1847 4253 1910 4305; x_wconf 86' lang='lat' dir='ltr'><strong>satis</strong></span> <span class='ocrx_word' id='word_1_473' title='bbox 1924 4249 1972 4306; x_wconf 86' lang='lat' dir='ltr'><strong>bae</strong></span> 
     </span>
     <span class='ocr_line' id='line_1_36' title="bbox 379 4333 1971 4407; baseline 0 -17"><span class='ocrx_word' id='word_1_474' title='bbox 379 4336 415 4390; x_wconf 86' lang='lat' dir='ltr'><strong>de</strong></span> <span class='ocrx_word' id='word_1_475' title='bbox 429 4352 457 4388; x_wconf 89' lang='lat' dir='ltr'><strong>re</strong></span> <span class='ocrx_word' id='word_1_476' title='bbox 469 4340 535 4392; x_wconf 87' lang='lat' dir='ltr'><strong>ister</strong></span> <span class='ocrx_word' id='word_1_477' title='bbox 546 4339 616 4406; x_wconf 67' lang='lat' dir='ltr'><strong>meos</strong></span> <span class='ocrx_word' id='word_1_478' title='bbox 627 4341 750 4407; x_wconf 64' lang='lat' dir='ltr'><strong>amasios</strong></span> <span class='ocrx_word' id='word_1_479' title='bbox 764 4339 926 4404; x_wconf 73' lang='lat' dir='ltr'><strong>constitisse,</strong></span> <span class='ocrx_word' id='word_1_480' title='bbox 950 4341 1019 4407; x_wconf 87' lang='lat' dir='ltr'><strong>qnod</strong></span> <span class='ocrx_word' id='word_1_481' title='bbox 1033 4343 1135 4396; x_wconf 86' lang='lat' dir='ltr'><strong>minime</strong></span> <span class='ocrx_word' id='word_1_482' title='bbox 1146 4341 1253 4404; x_wconf 90' lang='lat' dir='ltr'><strong>mirum,</strong></span> <span class='ocrx_word' id='word_1_483' title='bbox 1276 4346 1305 4393; x_wconf 82' lang='lat' dir='ltr'><strong>ut</strong></span> <span class='ocrx_word' id='word_1_484' title='bbox 1320 4339 1345 4391; x_wconf 92' lang='lat' dir='ltr'><strong>iu</strong></span> <span class='ocrx_word' id='word_1_485' title='bbox 1366 4337 1484 4390; x_wconf 88' lang='lat' dir='ltr'><strong>barbaris</strong></span> <span class='ocrx_word' id='word_1_486' title='bbox 1498 4337 1625 4403; x_wconf 74' lang='lat' dir='ltr'><strong>geon&#39;bns.</strong></span> <span class='ocrx_word' id='word_1_487' title='bbox 1661 4336 1716 4389; x_wconf 84' lang='lat' dir='ltr'><strong>Sed</strong></span> <span class='ocrx_word' id='word_1_488' title='bbox 1729 4336 1799 4403; x_wconf 82' lang='lat' dir='ltr'><strong>qnod</strong></span> <span class='ocrx_word' id='word_1_489' title='bbox 1816 4335 1891 4388; x_wconf 88' lang='lat' dir='ltr'><strong>uobis</strong></span> <span class='ocrx_word' id='word_1_490' title='bbox 1908 4333 1932 4390; x_wconf 88' lang='lat' dir='ltr'><strong>b.</strong></span> <span class='ocrx_word' id='word_1_491' title='bbox 1953 4335 1971 4390; x_wconf 93' lang='lat' dir='ltr'><strong>l.</strong></span> 
     </span>
     <span class='ocr_line' id='line_1_37' title="bbox 380 4419 1991 4495; baseline -0.001 -21"><span class='ocrx_word' id='word_1_492' title='bbox 380 4421 485 4475; x_wconf 79' lang='lat' dir='ltr'><strong>maximi</strong></span> <span class='ocrx_word' id='word_1_493' title='bbox 498 4429 547 4486; x_wconf 87' lang='lat' dir='ltr'><strong>est,</strong></span> <span class='ocrx_word' id='word_1_494' title='bbox 564 4423 690 4478; x_wconf 80' lang='lat' dir='ltr'><strong>Horatius</strong></span> <span class='ocrx_word' id='word_1_495' title='bbox 704 4423 807 4491; x_wconf 77' lang='lat' dir='ltr'><strong>quidem</strong></span> <span class='ocrx_word' id='word_1_496' title='bbox 820 4430 908 4478; x_wconf 87' lang='lat' dir='ltr'><strong>noster</strong></span> <span class='ocrx_word' id='word_1_497' title='bbox 920 4423 967 4478; x_wconf 89' lang='lat' dir='ltr'><strong>bos</strong></span> <span class='ocrx_word' id='word_1_498' title='bbox 981 4429 1092 4495; x_wconf 89' lang='lat' dir='ltr'><strong>populos</strong></span> <span class='ocrx_word' id='word_1_499' title='bbox 1105 4425 1292 4480; x_wconf 74' lang='lat' dir='ltr'><strong>vindelicorum</strong></span> <span class='ocrx_word' id='word_1_500' title='bbox 1305 4421 1403 4476; x_wconf 85' lang='lat' dir='ltr'><strong>nationi</strong></span> <span class='ocrx_word' id='word_1_501' title='bbox 1416 4421 1552 4474; x_wconf 75' lang='lat' dir='ltr'><strong>manifesto</strong></span> <span class='ocrx_word' id='word_1_502' title='bbox 1566 4421 1725 4487; x_wconf 81' lang='lat' dir='ltr'><strong>adnumerat¹</strong></span> <span class='ocrx_word' id='word_1_503' title='bbox 1738 4435 1795 4474; x_wconf 87' lang='lat' dir='ltr'><strong>com</strong></span> <span class='ocrx_word' id='word_1_504' title='bbox 1802 4419 1855 4473; x_wconf 78' lang='lat' dir='ltr'><strong>aits</strong></span> <span class='ocrx_word' id='word_1_505' title='bbox 1872 4419 1973 4486; x_wconf 78' lang='lat' dir='ltr'><strong>„Vie-</strong></span> <span class='ocrx_word' id='word_1_506' title='bbox 1986 4443 1991 4448; x_wconf 92' lang='lat'>·</span> 
     </span>
     <span class='ocr_line' id='line_1_38' title="bbox 382 4503 1973 4577; baseline 0 -17"><span class='ocrx_word' id='word_1_507' title='bbox 382 4505 488 4560; x_wconf 86' lang='lat' dir='ltr'><strong>delies&#39;</strong></span> <span class='ocrx_word' id='word_1_508' title='bbox 503 4505 617 4559; x_wconf 77' lang='lat' dir='ltr'><strong>didicere</strong></span> <span class='ocrx_word' id='word_1_509' title='bbox 633 4525 729 4577; x_wconf 81' lang='lat' dir='ltr'><strong>anper:</strong></span> <span class='ocrx_word' id='word_1_510' title='bbox 744 4509 911 4560; x_wconf 81' lang='lat' dir='ltr'><strong>militonem</strong></span> <span class='ocrx_word' id='word_1_511' title='bbox 928 4517 973 4562; x_wconf 81' lang='lat' dir='ltr'><strong>tao</strong></span> <span class='ocrx_word' id='word_1_512' title='bbox 986 4511 1084 4562; x_wconf 77' lang='lat' dir='ltr'><strong>Drusus</strong></span> <span class='ocrx_word' id='word_1_513' title='bbox 1104 4511 1128 4562; x_wconf 82' lang='lat' dir='ltr'><strong><em>G</em></strong></span> <span class='ocrx_word' id='word_1_514' title='bbox 1136 4526 1327 4563; x_wconf 79' lang='lat' dir='ltr'><strong>enonsor-</strong></span> <span class='ocrx_word' id='word_1_515' title='bbox 1343 4505 1550 4572; x_wconf 77' lang='lat' dir='ltr'><strong>Breunosque</strong></span> <span class='ocrx_word' id='word_1_516' title='bbox 1569 4507 1666 4558; x_wconf 82' lang='lat' dir='ltr'><strong>ooloeee</strong></span> <span class='ocrx_word' id='word_1_517' title='bbox 1683 4531 1718 4544; x_wconf 92' lang='lat'>-</span> <span class='ocrx_word' id='word_1_518' title='bbox 1738 4505 1830 4571; x_wconf 73' lang='lat' dir='ltr'><strong>dp&#39;eoit</strong></span> <span class='ocrx_word' id='word_1_519' title='bbox 1843 4505 1903 4574; x_wconf 70' lang='lat' dir='ltr'><strong>ples</strong></span> <span class='ocrx_word' id='word_1_520' title='bbox 1916 4503 1973 4560; x_wconf 82' lang='lat' dir='ltr'><strong>sios</strong></span> 
     </span>
     <span class='ocr_line' id='line_1_39' title="bbox 381 4587 1973 4660; baseline -0.002 -16"><span class='ocrx_word' id='word_1_521' title='bbox 381 4589 518 4659; x_wconf 52' lang='lat' dir='ltr'><strong>sispitem</strong></span> <span class='ocrx_word' id='word_1_522' title='bbox 531 4617 566 4629; x_wconf 96' lang='lat'>-</span> <span class='ocrx_word' id='word_1_523' title='bbox 598 4591 691 4656; x_wconf 84' lang='lat' dir='ltr'><strong>itaque</strong></span> <span class='ocrx_word' id='word_1_524' title='bbox 707 4591 849 4646; x_wconf 72' lang='lat' dir='ltr'><strong>corbulone</strong></span> <span class='ocrx_word' id='word_1_525' title='bbox 863 4599 982 4647; x_wconf 77' lang='lat' dir='ltr'><strong>constare</strong></span> <span class='ocrx_word' id='word_1_526' title='bbox 994 4595 1123 4660; x_wconf 76' lang='lat' dir='ltr'><strong>ridemus,¹</strong></span> <span class='ocrx_word' id='word_1_527' title='bbox 1137 4591 1169 4647; x_wconf 88' lang='lat' dir='ltr'><strong>de</strong></span> <span class='ocrx_word' id='word_1_528' title='bbox 1187 4590 1375 4646; x_wconf 81' lang='lat' dir='ltr'><strong>Vindelicis</strong></span> <span class='ocrx_word' id='word_1_529' title='bbox 1392 4589 1524 4642; x_wconf 80' lang='lat' dir='ltr'><strong>victoriam</strong></span> <span class='ocrx_word' id='word_1_530' title='bbox 1539 4603 1588 4642; x_wconf 91' lang='lat' dir='ltr'><strong>oon</strong></span> <span class='ocrx_word' id='word_1_531' title='bbox 1600 4605 1677 4644; x_wconf 86' lang='lat' dir='ltr'><strong>uuam</strong></span> <span class='ocrx_word' id='word_1_532' title='bbox 1690 4589 1737 4642; x_wconf 85' lang='lat' dir='ltr'><strong>sed</strong></span> <span class='ocrx_word' id='word_1_533' title='bbox 1748 4589 1868 4642; x_wconf 86' lang='lat' dir='ltr'><strong>iteratam</strong></span> <span class='ocrx_word' id='word_1_534' title='bbox 1877 4587 1973 4656; x_wconf 81' lang='lat' dir='ltr'><strong>Druso,</strong></span> 
     </span>
     <span class='ocr_line' id='line_1_40' title="bbox 383 4672 1973 4744; baseline 0.001 -17"><span class='ocrx_word' id='word_1_535' title='bbox 383 4672 418 4728; x_wconf 90' lang='lat' dir='ltr'><strong>de</strong></span> <span class='ocrx_word' id='word_1_536' title='bbox 432 4672 524 4727; x_wconf 76' lang='lat' dir='ltr'><strong>Raetis</strong></span> <span class='ocrx_word' id='word_1_537' title='bbox 539 4673 677 4742; x_wconf 77' lang='lat' dir='ltr'><strong>stnpncen</strong></span> <span class='ocrx_word' id='word_1_538' title='bbox 692 4675 797 4732; x_wconf 78' lang='lat' dir='ltr'><strong>&#39;l&#39;toerlo</strong></span> <span class='ocrx_word' id='word_1_539' title='bbox 813 4675 939 4744; x_wconf 85' lang='lat' dir='ltr'><strong>adscribi;</strong></span> <span class='ocrx_word' id='word_1_540' title='bbox 957 4693 1005 4732; x_wconf 88' lang='lat' dir='ltr'><strong>uec</strong></span> <span class='ocrx_word' id='word_1_541' title='bbox 1022 4679 1112 4732; x_wconf 84' lang='lat' dir='ltr'><strong>Diouis</strong></span> <span class='ocrx_word' id='word_1_542' title='bbox 1128 4677 1286 4732; x_wconf 71' lang='lat' dir='ltr'><strong>sonnatium</strong></span> <span class='ocrx_word' id='word_1_543' title='bbox 1306 4675 1490 4737; x_wconf 86' lang='lat' dir='ltr'><strong>testimouium,</strong></span> <span class='ocrx_word' id='word_1_544' title='bbox 1511 4673 1616 4740; x_wconf 81' lang='lat' dir='ltr'><strong>siquod</strong></span> <span class='ocrx_word' id='word_1_545' title='bbox 1632 4681 1710 4739; x_wconf 84' lang='lat' dir='ltr'><strong>esset,</strong></span> <span class='ocrx_word' id='word_1_546' title='bbox 1735 4689 1784 4728; x_wconf 85' lang='lat' dir='ltr'><strong>uos</strong></span> <span class='ocrx_word' id='word_1_547' title='bbox 1801 4689 1906 4728; x_wconf 78' lang='lat' dir='ltr'><strong>morere</strong></span> <span class='ocrx_word' id='word_1_548' title='bbox 1925 4674 1973 4728; x_wconf 86' lang='lat' dir='ltr'><strong>de·</strong></span> 
     </span>
     <span class='ocr_line' id='line_1_41' title="bbox 383 4755 1998 4830; baseline 0.001 -20"><span class='ocrx_word' id='word_1_549' title='bbox 383 4757 467 4822; x_wconf 84' lang='lat' dir='ltr'><strong>beret,</strong></span> <span class='ocrx_word' id='word_1_550' title='bbox 484 4765 513 4810; x_wconf 86' lang='lat' dir='ltr'><strong>et</strong></span> <span class='ocrx_word' id='word_1_551' title='bbox 529 4757 652 4810; x_wconf 84' lang='lat' dir='ltr'><strong>adversus</strong></span> <span class='ocrx_word' id='word_1_552' title='bbox 669 4759 806 4814; x_wconf 82' lang='lat' dir='ltr'><strong>Horatium</strong></span> <span class='ocrx_word' id='word_1_553' title='bbox 824 4761 905 4830; x_wconf 88' lang='lat' dir='ltr'><strong>ipsum</strong></span> <span class='ocrx_word' id='word_1_554' title='bbox 923 4769 1103 4816; x_wconf 87' lang='lat' dir='ltr'><strong>statueremus.</strong></span> <span class='ocrx_word' id='word_1_555' title='bbox 1128 4761 1182 4816; x_wconf 78' lang='lat' dir='ltr'><strong>Sed</strong></span> <span class='ocrx_word' id='word_1_556' title='bbox 1195 4759 1346 4815; x_wconf 75' lang='lat' dir='ltr'><strong>rereri&#39;noo</strong></span> <span class='ocrx_word' id='word_1_557' title='bbox 1359 4765 1451 4812; x_wconf 76' lang='lat' dir='ltr'><strong>exstat.</strong></span> <span class='ocrx_word' id='word_1_558' title='bbox 1487 4757 1538 4810; x_wconf 81' lang='lat' dir='ltr'><strong>Dio</strong></span> <span class='ocrx_word' id='word_1_559' title='bbox 1552 4759 1619 4811; x_wconf 90' lang='lat' dir='ltr'><strong>euim</strong></span> <span class='ocrx_word' id='word_1_560' title='bbox 1637 4773 1671 4812; x_wconf 80' lang='lat' dir='ltr'><strong>er</strong></span> <span class='ocrx_word' id='word_1_561' title='bbox 1687 4775 1735 4812; x_wconf 85' lang='lat' dir='ltr'><strong>usu</strong></span> <span class='ocrx_word' id='word_1_562' title='bbox 1751 4760 1902 4828; x_wconf 85' lang='lat' dir='ltr'><strong>posterioris</strong></span> <span class='ocrx_word' id='word_1_563' title='bbox 1918 4755 1976 4812; x_wconf 79' lang='lat' dir='ltr'><strong>aevl</strong></span> <span class='ocrx_word' id='word_1_564' title='bbox 1994 4813 1998 4818; x_wconf 73' lang='grc'><em>,</em></span> 
     </span>
     <span class='ocr_line' id='line_1_42' title="bbox 384 4841 1976 4914; baseline 0.001 -18"><span class='ocrx_word' id='word_1_565' title='bbox 384 4842 505 4907; x_wconf 62' lang='lat' dir='ltr'><strong>insuitur,</strong></span> <span class='ocrx_word' id='word_1_566' title='bbox 522 4855 574 4907; x_wconf 84' lang='lat' dir='ltr'><strong>quo</strong></span> <span class='ocrx_word' id='word_1_567' title='bbox 590 4841 731 4897; x_wconf 81' lang='lat' dir='ltr'><strong>Vindelieie</strong></span> <span class='ocrx_word' id='word_1_568' title='bbox 748 4845 824 4898; x_wconf 84' lang='lat' dir='ltr'><strong>etiam</strong></span> <span class='ocrx_word' id='word_1_569' title='bbox 842 4846 890 4897; x_wconf 85' lang='lat' dir='ltr'><strong>rob</strong></span> <span class='ocrx_word' id='word_1_570' title='bbox 907 4849 1033 4902; x_wconf 85' lang='lat' dir='ltr'><strong>eouuuot</strong></span> <span class='ocrx_word' id='word_1_571' title='bbox 1057 4845 1170 4901; x_wconf 79' lang='lat' dir='ltr'><strong>Raetiae</strong></span> <span class='ocrx_word' id='word_1_572' title='bbox 1190 4845 1338 4914; x_wconf 82' lang='lat' dir='ltr'><strong>provinciae</strong></span> <span class='ocrx_word' id='word_1_573' title='bbox 1358 4844 1462 4898; x_wconf 80' lang='lat' dir='ltr'><strong>somine</strong></span> <span class='ocrx_word' id='word_1_574' title='bbox 1484 4841 1757 4910; x_wconf 73' lang='lat' dir='ltr'><strong>comprehendebatur,</strong></span> <span class='ocrx_word' id='word_1_575' title='bbox 1780 4844 1850 4911; x_wconf 84' lang='lat' dir='ltr'><strong>qood</strong></span> <span class='ocrx_word' id='word_1_576' title='bbox 1866 4849 1976 4907; x_wconf 71' lang='lat' dir='ltr'><strong>amque</strong></span> 
     </span>
     <span class='ocr_line' id='line_1_43' title="bbox 387 4924 1975 5001; baseline -0.003 -22"><span class='ocrx_word' id='word_1_577' title='bbox 387 4927 523 4990; x_wconf 76' lang='lat' dir='ltr'><strong>mlaoeta</strong></span> <span class='ocrx_word' id='word_1_578' title='bbox 534 4927 576 4978; x_wconf 85' lang='lat' dir='ltr'><strong>ont</strong></span> <span class='ocrx_word' id='word_1_579' title='bbox 592 4941 697 5001; x_wconf 81' lang='lat' dir='ltr'><strong>semper</strong></span> <span class='ocrx_word' id='word_1_580' title='bbox 713 4928 825 4998; x_wconf 82' lang='lat' dir='ltr'><strong>praesidi</strong></span> <span class='ocrx_word' id='word_1_581' title='bbox 842 4933 958 4998; x_wconf 80' lang='lat' dir='ltr'><strong>parebat</strong></span> <span class='ocrx_word' id='word_1_582' title='bbox 993 4931 1084 4994; x_wconf 79' lang='lat' dir='ltr'><strong>Quare</strong></span> <span class='ocrx_word' id='word_1_583' title='bbox 1100 4929 1208 4983; x_wconf 79' lang='lat' dir='ltr'><strong>Tacitus</strong></span> <span class='ocrx_word' id='word_1_584' title='bbox 1226 4931 1354 4983; x_wconf 81' lang='lat' dir='ltr'><strong>Germe.</strong></span> <span class='ocrx_word' id='word_1_585' title='bbox 1372 4933 1415 4982; x_wconf 80' lang='lat' dir='ltr'><strong>st.</strong></span> <span class='ocrx_word' id='word_1_586' title='bbox 1434 4929 1576 4995; x_wconf 75' lang='lat' dir='ltr'><strong>Augustam</strong></span> <span class='ocrx_word' id='word_1_587' title='bbox 1594 4927 1784 4984; x_wconf 78' lang='lat' dir='ltr'><strong>vindelicorum</strong></span> <span class='ocrx_word' id='word_1_588' title='bbox 1802 4924 1975 4998; x_wconf 54' lang='lat' dir='ltr'><strong>,upladidib</strong></span> 
     </span>
    </p>
   </div>
   <div class='ocr_carea' id='block_1_5' title="bbox 387 5005 1977 5182">
    <p class='ocr_par' dir='ltr' id='par_1_8' title="bbox 387 5005 1977 5182">
     <span class='ocr_line' id='line_1_44' title="bbox 387 5005 1977 5088; baseline -0.001 -24"><span class='ocrx_word' id='word_1_589' title='bbox 387 5010 479 5064; x_wconf 70' lang='lat' dir='ltr'><strong>ehem</strong></span> <span class='ocrx_word' id='word_1_590' title='bbox 503 5009 611 5066; x_wconf 72' lang='lat' dir='ltr'><strong>baetim</strong></span> <span class='ocrx_word' id='word_1_591' title='bbox 632 5013 782 5088; x_wconf 52' lang='lat' dir='ltr'><strong>provintiae</strong></span> <span class='ocrx_word' id='word_1_592' title='bbox 804 5015 952 5072; x_wconf 61' lang='lat' dir='ltr'><strong>ronow</strong></span> <span class='ocrx_word' id='word_1_593' title='bbox 974 5015 1045 5074; x_wconf 79' lang='lat' dir='ltr'><strong>diali.</strong></span> <span class='ocrx_word' id='word_1_594' title='bbox 1068 5015 1100 5072; x_wconf 82' lang='lat' dir='ltr'><strong>ei</strong></span> <span class='ocrx_word' id='word_1_595' title='bbox 1125 5015 1232 5072; x_wconf 72' lang='lat' dir='ltr'><strong>cetron</strong></span> <span class='ocrx_word' id='word_1_596' title='bbox 1254 5015 1354 5084; x_wconf 69' lang='lat' dir='ltr'><strong>Gener.</strong></span> <span class='ocrx_word' id='word_1_597' title='bbox 1375 5013 1435 5070; x_wconf 79' lang='lat' dir='ltr'><strong>not</strong></span> <span class='ocrx_word' id='word_1_598' title='bbox 1456 5011 1489 5068; x_wconf 81' lang='grc' dir='ltr'><strong>Τ.</strong></span> <span class='ocrx_word' id='word_1_599' title='bbox 1506 5013 1528 5070; x_wconf 82' lang='grc' dir='ltr'>Ι</span> <span class='ocrx_word' id='word_1_600' title='bbox 1545 5011 1577 5068; x_wconf 67' lang='grc' dir='ltr'><strong>Ι..</strong></span> <span class='ocrx_word' id='word_1_601' title='bbox 1595 5011 1630 5066; x_wconf 88' lang='grc' dir='ltr'><strong>ΙΙ.</strong></span> <span class='ocrx_word' id='word_1_602' title='bbox 1647 5027 1669 5068; x_wconf 80' lang='lat' dir='ltr'><strong>e.</strong></span> <span class='ocrx_word' id='word_1_603' title='bbox 1686 5017 1711 5068; x_wconf 80' lang='lat' dir='ltr'><strong>t.</strong></span> <span class='ocrx_word' id='word_1_604' title='bbox 1728 5017 1753 5083; x_wconf 62' lang='grc' dir='ltr'><strong>ς</strong></span> <span class='ocrx_word' id='word_1_605' title='bbox 1770 5015 1813 5067; x_wconf 63' lang='lat' dir='ltr'>n</span> <span class='ocrx_word' id='word_1_606' title='bbox 1831 5012 1876 5080; x_wconf 78' lang='lat' dir='ltr'><strong>qut</strong></span> <span class='ocrx_word' id='word_1_607' title='bbox 1891 5005 1977 5066; x_wconf 81' lang='lat' dir='ltr'><strong>addita</strong></span> 
     </span>
     <span class='ocr_line' id='line_1_45' title="bbox 1801 5117 1826 5182; baseline 0 0"><span class='ocrx_word' id='word_1_608' title='bbox 1801 5117 1826 5182; x_wconf 80' lang='grc'><strong>5</strong></span> 
     </span>
    </p>
   </div>
   <div class='ocr_carea' id='block_1_6' title="bbox 0 0 2406 5972">
    <p class='ocr_par' dir='ltr' id='par_1_9' title="bbox 0 0 2406 5972">
     <span class='ocr_line' id='line_1_46' title="bbox 0 0 2406 5972; baseline 0 0"><span class='ocrx_word' id='word_1_609' title='bbox 0 0 2406 5972; x_wconf 95' lang='lat' dir='ltr'><strong> </strong></span> 
     </span>
    </p>
   </div>
  </div>
 </body>
</html>
