4804 5974
1098 367 1221 388 m

328 497 394 552 snm
414 489 550 552 taedium
570 469 925 574 proun0),'paopeeres,
946 487 1028 563 dicu,
1048 485 1125 550 baec
1145 487 1220 550 mibi
1242 487 1371 576 epistola
1390 517 1435 536 -·
1454 505 1513 552 nec
1531 489 1607 555 milri
1627 491 1686 554 soli
1707 494 1762 556 scd
1784 495 1922 576 pluribus
1944 531 1989 552 --
2101 545 2105 554 .
2206 535 2208 542 ·

327 626 391 672 sun
410 609 503 670 modo
522 609 556 670 ln
577 609 692 672 ultimis
713 607 804 687 nujus
825 606 908 682 libri,
930 612 1053 688 tmnpaa
1074 606 1102 668 si
1122 611 1308 687 spectemus,
1329 608 1523 682 numeranda,
1544 599 1599 672 sed
1621 612 1785 674 acrioribus
1808 615 1896 678 eliam
1910 623 1987 697 poi·
2050 645 2057 666 ι

211 753 216 760 ·
326 731 378 788 tec
398 729 482 788 cunia
502 726 703 790 adscribenda
724 743 796 786 esse
815 724 943 788 uidetur.
971 725 1062 786 Haud
1085 725 1150 786 sine
1166 727 1253 806 jaste
1273 725 1393 787 ratione
1414 745 1479 787 eam
1501 727 1573 788 haic
1595 729 1791 808 epistolarum
1813 735 1988 802 collectioni

325 846 541 924 praepositam,
564 863 623 922 qua
642 849 796 922 tamquam
817 843 977 924 prooemio
1000 844 1146 922 quodam,
1163 849 1264 906 totmn
1277 843 1351 905 'hoc
1381 861 1460 922 opus
1480 843 1651 905 Maecenati
1673 865 1729 907 auo
1751 839 1930 912 inscriberet
1950 873 1988 918 so

325 961 493 1038 dedicaret,
515 981 576 1024 non
598 966 646 1022 cst
668 961 751 1042 quod
772 961 953 1022 dubitemus.
1003 961 1067 1022 Sed
1095 981 1156 1024 nun
1183 961 1297 1024 idcirco
1326 979 1396 1022 eum
1424 961 1455 1022 iu
1482 961 1575 1021 finem
1603 963 1731 1042 proprio
1759 969 1885 1030 consilio
1918 989 1988 1038 caea

324 1082 535 1160 compositam,
555 1080 658 1161 potius
679 1080 767 1140 sliam
790 1080 938 1158 quandam
959 1079 1159 1155 occasionem,
1189 1099 1250 1160 qua
1271 1081 1363 1160 polita
1384 1078 1421 1141 ad
1443 1098 1551 1140 versuo
1572 1081 1798 1160 componendos
1819 1104 1836 1143 a
1856 1091 1989 1166 patrono

323 1199 647 1272 mausitanrslucrit,
661 1197 691 1257 in
699 1197 825 1260 exordio
833 1199 1007 1278 significari,
1029 1199 1196 1260 cumdicit:
1218 1198 1349 1272 „Primo
1362 1197 1447 1260 dicte
1458 1197 1543 1272 mili,
1563 1215 1684 1260 aunama
1698 1200 1987 1304 dicenchumcnup
2100 1281 2103 1288 .

324 1323 505 1393 apectutarna
512 1317 597 1376 actia
615 1323 648 1376 ct
661 1315 890 1394 donotumjum
906 1317 986 1378 mdc
1007 1318 1142 1398 quaeris,
1163 1315 1341 1392 Maecenas,
1361 1318 1475 1376 iterum
1491 1317 1620 1396 antiquo
1638 1337 1688 1378 me
1705 1317 1865 1380 includere
1878 1322 1986 1384 ludu.“

323 1435 358 1496 ui
380 1433 451 1498 olim
468 1436 532 1513 jam
554 1434 678 1495 doctum
701 1433 825 1494 obberii
846 1453 973 1496 acumen
995 1435 1027 1496 in
1049 1435 1274 1496 Commentario
1303 1435 1341 1497 ad
1362 1435 1441 1496 banc
1461 1433 1562 1514 Epist.
1582 1453 1610 1494 v.
1633 1434 1662 1494 l.
1691 1455 1720 1514 p.
1747 1435 1778 1496 Ί.
1809 1439 2008 1516 observavit,

323 1555 357 1612 et
378 1567 435 1612 noe
456 1569 555 1631 nuper
574 1551 608 1610 in
627 1550 687 1612 Ed.
709 1546 876 1612 Satirarum
898 1550 936 1613 Τ.
958 1551 980 1613 l.
1001 1572 1033 1633 p.
1055 1553 1128 1614 lot.
1150 1553 1290 1633 pluribus
1311 1551 1594 1615 demonstravimus.
1643 1551 1779 1613 Primum
1802 1555 1901 1630 enim,
1930 1575 1988 1618 neu
2051 1617 2054 1624 ,

323 1668 485 1748 primam
507 1669 713 1730 Gomorram
735 1668 773 1728 ad
794 1667 922 1745 Satires,
943 1689 1001 1730 nce
1022 1689 1203 1732 summam
1225 1671 1425 1732 Camenam
1452 1669 1491 1736 ad
1512 1669 1669 1749 Epistulas
1690 1670 1817 1746 rolerri,
1850 1671 1898 1734 sel
1920 1674 1988 1752 lpas

324 1783 647 1866 Gemenseappellstiu
656 1787 730 1848 satia
743 1786 857 1866 arguit,
872 1791 909 1846 nt
922 1804 1063 1866 quacoec
1077 1788 1116 1850 de
1126 1787 1323 1850 sermonibus
1336 1808 1395 1850 nec
1408 1787 1602 1866 dcllpistolia
1616 1789 1752 1867 cogitare
1764 1789 1988 1870 nobispermit·

321 1905 379 1977 let,
400 1904 509 1983 qrtibua
524 1888 599 1983 ¹ipso
615 1907 656 1966 'ut
675 1903 785 1964 Musae
806 1904 961 1986 pedestria
981 1905 1094 1968 letibus
1111 1903 1170 1990 luz
1186 1907 1248 1968 Sat.
1265 1909 1298 1982 u,
1314 1903 1381 1990 lt.)
1403 1909 1576 1986 podmulnm
1596 1923 1706 1966 noman
1718 1905 1850 1984 deneget
1871 1905 1909 1986 (Ι.
1924 1907 1988 1970 Sat
2046 1917 2051 1924 '

236 1996 241 2009 ⁸
321 2020 437 2100 ¹mli.)
459 2021 592 2102 ideoque
612 2024 645 2082 in
666 2041 796 2102 operum
814 2040 1054 2086 suornm-censu
1077 2020 1480 2107 (tumultuationem
1509 2022 1612 2084 Scirol.
1642 2023 1737 2100 Cruq.
1772 2023 1903 2098 „Primo
1926 2021 1987 2086 Ga·

322 2143 431 2216 mauu,
466 2141 588 2202 aca’ls'mt
613 2141 646 2200 ira
671 2141 825 2218 principio
852 2141 998 2204 curmsiss's
1031 2143 1155 2220 lyrici.“
1207 2143 1341 2220 iQuarei
1363 2141 1521 2218 atnprirua
1545 2141 1582 2200 ct
1609 2157 1725 2202 summa
1762 2139 1895 2200 Camena
1927 2155 1989 2204 non

322 2253 382 2318 slis
420 2257 551 2318 uermina
592 2275 683 2334 quarn
716 2257 814 2335 lyrica
841 2257 1014 2336 designari,
1060 2258 1170 2336 nuribus
1208 2263 1242 2320 ct
1269 2257 1389 2339 pride·
1416 2256 1568 2320 fautorem
1604 2273 1693 2318 snum
1722 2257 1921 2318 celebrauerit
1956 2263 1989 2320 et

325 2377 461 2434 mtrema
483 2374 622 2434 oratione
641 2373 850 2434 celebs-atinus
871 2375 922 2448 sit,
942 2373 1076 2452 ideoque
1096 2375 1140 2434 nil
1161 2376 1221 2436 nisi
1242 2378 1374 2438 animum
1395 2379 1428 2435 et
1447 2373 1547 2434 studia
1568 2371 1739 2435 Maecenati
1759 2381 1912 2454 perpetuo
1932 2374 1987 2438 ad-

322 2489 414 2554 dicta·
433 2489 599 2572 significari
626 2483 913 2574 (etlinun.)
940 2509 999 2571 pro
1027 2496 1115 2554 certo
1151 2501 1273 2582 parmate
1298 2491 1383 2556 licet.
1454 2489 1575 2554 Deinde
1601 2491 1652 2568 dc,
1669 2489 1857 2556 Maecenatis
1884 2491 1988 2573 aliquo

322 2793 351 2855 9)
368 2788 528 2857 Temperare
540 2788 599 2841 milri
610 2805 660 2844 non
675 2805 789 2858 possum,
806 2791 865 2856 quio
880 2791 1118 2858 praestantissimae
1133 2793 1207 2858 lrnjus
1221 2791 1337 2858 Erlogae
1349 2793 1474 2846 internam
1490 2793 1617 2846 rationem
1630 2797 1658 2845 at
1671 2791 1855 2846 sententiarum
1875 2791 1941 2846 inter
1957 2807 1988 2846 ae
2038 2779 2043 2794 ⁸

390 2885 486 2925 nerum
499 2873 585 2939 paullo
597 2875 772 2928 obscuriorem
784 2875 892 2928 necdum
902 2873 967 2926 satia
979 2874 1011 2924 ab
1024 2875 1207 2940 interpretibus
1221 2875 1375 2940 explicitum,
1394 2875 1443 2926 boc
1458 2877 1516 2924 locu
1534 2877 1620 2940 paucis
1632 2891 1770 2939 asponam,
1788 2883 1820 2925 nt
1829 2877 1853 2925 io
1864 2877 1915 2927 tine
1927 2889 1987 2930 car·

390 2955 465 3008 minis
479 2955 616 3008 verborum
633 2946 787 3010 structuram
801 2955 883 3010 adhuc
895 2956 1057 3010 laborantem
1075 2955 1143 3009 sacili
1161 2957 1236 3009 nnius
1255 2956 1374 3010 vocabuli
1394 2955 1574 3008 emendatione
1591 2957 1617 3008 in
1633 2957 1749 3010 ordinem
1768 2957 1884 3024 redigam
1902 2965 1932 3010 et
1948 2957 1987 3012 uic

390 3039 528 3108 'moinum
541 3042 613 3110 operi
625 3031 765 3094 candorecr'
775 3040 915 3092 restituam.

441 3124 703 3177 Sententiarnmordo
715 3124 770 3176 iare
780 3123 820 3176 bie
835 3131 888 3177 cars
905 3123 945 3176 Ad
955 3125 1068 3178 camma
1080 3125 1225 3194 pangenda,
1241 3126 1298 3192 ipra
1309 3120 1364 3192 ists
1374 3121 1507 3190 deposita,
1525 3121 1636 3178 alsuca
1649 3129 1689 3188 te,
1707 3123 1858 3190 Maecenas,
1884 3124 1986 3180 excitor

391 3207 432 3276 (s.¹
444 3207 563 3276 1-3.)a
593 3207 640 3260 scd
654 3215 708 3260 tum
719 3215 793 3260 setes
804 3208 931 3260 censetuti
945 3210 1051 3276 propior
1068 3209 1208 3274 etjureaili
1225 3209 1319 3262 ardore
1335 3206 1457 3260 destituta
1470 3215 1573 3270 mouet,
1591 3215 1620 3260 nt
1635 3208 1718 3260 limum
1732 3208 1862 3272 poeticum
1874 3210 1984 3262 mttrsmr

390 3299 445 3346 tusr
456 3307 529 3346 mens
543 3299 571 3346 et
583 3294 703 3345 solustra
718 3307 733 3344 a
746 3292 820 3358 poesi
833 3307 875 3344 me
887 3299 998 3346 asumut
1009 3292 1045 3356 (a.
1057 3291 1177 3357 tulo.)
1195 3292 1257 3356 qnid
1269 3305 1366 3354 rerum,
1383 3297 1481 3344 rectum
1491 3299 1571 3356 atqua
1586 3290 1683 3346 decens
1696 3292 1738 3354 sit,
1755 3291 1894 3357 animiam
1903 3307 1988 3356 quaes

390 3383 492 3432 rentem
505 3383 532 3428 et
545 3391 576 3428 ea
590 3381 770 3444 procurantur
785 3389 852 3440 qnae
863 3382 964 3442 promta
976 3374 1009 3427 ad
1021 3391 1095 3429 nsum
1109 3377 1179 3440 stata
1196 3377 1233 3428 ita
1244 3377 1349 3442 quidm
1361 3382 1391 3428 ut
1410 3375 1471 3428 nulli
1491 3383 1580 3432 certae
1602 3375 1751 3443 disciplinae
1767 3391 1809 3430 me
1826 3376 1986 3444 adstringam

390 3459 430 3528 (s.
444 3459 583 3526 11-10.).
615 3461 651 3512 At
665 3466 747 3512 totam
759 3459 836 3512 soluti
847 3459 958 3512 studium
974 3475 1006 3512 sc
1017 3461 1170 3512 desiderium
1180 3459 1236 3525 jam
1253 3459 1287 3510 ad
1305 3459 1331 3510 id
1350 3458 1536 3524 explorandum
1554 3465 1633 3526 atque
1645 3460 1775 3526 agendum
1795 3459 1891 3524 lertuc,
1914 3459 1987 3526 quod

391 3558 438 3612 per
450 3555 480 3594 sa
491 3543 585 3594 bunum
596 3549 676 3606 atque
688 3542 822 3596 boaestum
834 3543 858 3594 ia
871 3545 939 3596 omni
950 3549 1038 3594 aetate
1052 3545 1171 3606 uitaeque
1181 3539 1329 3592 conditione
1345 3541 1419 3592 unice
1436 3541 1557 3594 conducit
1572 3543 1609 3607 (a.
1622 3541 1768 3608 204⁷).
1804 3541 1864 3605 Quo
1885 3543 1911 3594 in
1929 3551 1986 3596 stn-

391 3625 435 3681 dio
448 3625 546 3677 etiamsi
558 3638 683 3676 mmmnm
695 3625 836 3690 sapientiae
848 3623 974 3689 attingere
989 3623 1120 3686 nonlicet,
1137 3635 1234 3690 operae
1246 3627 1332 3674 nmen
1349 3621 1459 3688 pretium
1478 3629 1527 3686 est,
1552 3624 1587 3674 sd
1601 3625 1713 3689 aliquem
1736 3624 1792 3689 ejus
1805 3623 1915 3689 gradum
1924 3639 1986 3692 per·

391 3711 479 3764 sanim
492 3709 527 3772 (a.
539 3711 673 3772 28-82).
708 3707 841 3774 Sapientia
853 3708 920 3760 euim
935 3713 963 3758 et
974 3705 1051 3758 animi
1064 3705 1300 3775 perturbationibus
1314 3711 1343 3757 et
1358 3705 1427 3758 omni
1437 3706 1537 3758 interno
1547 3705 1617 3758 malo
1635 3722 1684 3759 nos
1696 3705 1806 3770 liberata
1828 3723 1888 3762 uena
1898 3707 1986 3762 vitium

272 3829 277 3843 ,
390 3795 484 3861 iugem
496 3799 524 3846 et
531 3792 640 3844 stultitia
653 3805 747 3843 uacare
760 3792 867 3858 primum
881 3796 922 3842 est
931 3789 1073 3858 sipiestiaa
1090 3791 1126 3858 (a.
1139 3789 1285 3854 att-sa).
1320 3790 1398 3854 Atqui
1416 3790 1439 3840 si
1458 3803 1558 3840 summa
1575 3788 1665 3840 virium
1682 3790 1848 3844 contentione
1869 3807 1902 3844 es
1916 3805 1986 3855 quae

383 3881 470 3946 'vulgo
487 3878 556 3930 mals
575 3874 717 3938 habeatur,
740 3880 918 3943 paupertatem
939 3859 1069 3943 so'rtisqne
1089 3873 1255 3926 bumilitatem
1273 3872 1389 3939 effugere
1409 3885 1547 3936 conamur,
1572 3871 1875 3940 quidnieucogaoecese
1887 3889 1986 3942 operae

391 3963 503 4032 pretium
510 3975 569 4013 esse
575 3973 734 4024 censeamus,
741 3973 807 4023 quae
813 3958 881 4012 ursle
887 3959 930 4011 ills
936 3961 1038 4012 omniuo
1045 3959 1112 4011 nilrili
1119 3958 1258 4011 lacercnos
1264 3958 1385 4022 edocent,
1399 3965 1496 4010 etcum
1509 3958 1586 4024 saluo
1597 3959 1773 4012 communibus
1783 3959 1857 4014 malis
1871 3959 1944 4024 quasi
1957 3957 1984 4012 ln

393 4048 471 4102 triviis
483 4046 665 4106 moneremur,
673 4043 806 4108 maiorem
818 4043 893 4096 uobis
907 4051 933 4096 et
945 4044 1118 4112 augustiorem
1132 4044 1259 4111 palmam,
1274 4043 1348 4107 qnasi
1357 4041 1502 4108 olympicis
1512 4042 1658 4104 victonbus,
1675 4042 1830 4109 sinelsbope
1841 4049 1931 4096 nostro
1941 4039 1984 4093 ol-

393 4131 497 4184 lemnti
514 4126 707 4194 (ult-52.)
728 4126 909 4182 ·Virtntem
926 4129 992 4193 dico,
1010 4128 1128 4181 omnibus
1141 4126 1267 4179 tbeaanrla
1279 4125 1412 4191 majorem.
1454 4123 1617 4189 Qmmoaam
1639 4125 1728 4190 aalma
1752 4123 1880 4176 hominnm
1902 4137 1983 4194 pecu-

392 4213 460 4268 niam
473 4213 574 4263 maximi
586 4211 647 4264 lacit
659 4217 686 4262 et
697 4225 774 4278 supra
784 4211 901 4262 virtutem
915 4212 1039 4264 collocata
1058 4225 1110 4263 nou
1123 4211 1183 4262 item
1191 4225 1329 4278 puerorum
1341 4209 1433 4262 uacuis
1443 4209 1585 4274 antiquitus
1594 4207 1697 4272 tradita,
1716 4223 1783 4274 quae
1794 4223 1901 4274 regnum
1911 4214 1983 4260 recte

394 4295 546 4348 iacientibus
558 4295 634 4347 offert
648 4295 687 4361 (a.
700 4293 833 4360 uu-au.).
861 4291 955 4347 Nouae
966 4310 1029 4349 euro
1040 4293 1174 4363 improbae
1186 4293 1326 4350 divitiatum
1335 4303 1362 4348 et
1374 4291 1499 4346 lucuorum
1509 4289 1642 4357 cupiditati
1648 4291 1690 4344 illa
1696 4291 1772 4346 ssimi
1784 4292 1902 4354 altitudo,
1914 4302 1983 4356 quae

395 4393 445 4436 uos
459 4393 537 4444 anper
550 4393 639 4431 omues
656 4377 774 4431 tonores
788 4377 891 4444 injurias
906 4377 988 4442 ellert,
1007 4377 1184 4446 praeferatur‘l
1201 4377 1239 4441 (a.
1251 4379 1395 4444 δτι-68).
1435 4377 1523 4430 Quare
1539 4375 1657 4440 equidem
1670 4371 1790 4442 iudicium
1803 4375 1871 4442 uulgi
1888 4374 1921 4427 du
1934 4389 1982 4428 ex-

394 4461 513 4532 petendis
534 4461 692 4524 maternisve
708 4461 786 4514 rebus
804 4465 833 4512 ut
857 4459 1007 4513 damnosum
1026 4461 1133 4531 repudio
1155 4461 1191 4526 (ιι.
1205 4467 1240 4513 70
1254 4459 1366 4526 -ib.).
1413 4459 1480 4512 Nam
1499 4459 1620 4524 quonism
1636 4473 1683 4510 sua
1698 4459 1799 4516 turem
1819 4461 1879 4526 lege
1899 4465 1981 4522 “¹0¹2

396 4548 462 4602 alioa
481 4544 594 4598 adelisa
612 4561 655 4598 ree
676 4545 866 4614 amplectendas
883 4549 911 4596 et
928 4545 1120 4612 persequendas
1133 4545 1241 4612 impellit
1261 4547 1298 4614 (s.
1308 4544 1443 4609 ac-au.)
1461 4559 1509 4598 nce
1523 4541 1637 4612 tophas
1654 4542 1834 4598 silticunstarc
1851 4543 1877 4598 lo
1888 4545 1940 4598 vita
1951 4557 1984 4594 ae

398 4630 489 4686 studiis
503 4628 606 4695 patitur,
623 4629 670 4680 sed
681 4631 714 4680 sb
725 4630 775 4682 alic
787 4629 821 4680 ad
835 4628 902 4680 aliud
915 4629 1067 4682 desideriam
1080 4637 1177 4684 temere
1194 4629 1340 4696 incitatpt
1353 4628 1413 4682 nihil
1429 4627 1493 4682 certi
1506 4633 1585 4694 atque
1598 4626 1663 4678 firmi
1682 4625 1808 4690 lrsbesat,
1824 4629 1880 4683 ‘aad
1898 4639 1983 4682 mersa
2004 4614 2012 4632 '

400 4713 587 4770 vicissitudines
601 4712 671 4766 nulla
686 4713 744 4780 lege
761 4720 787 4766 et
799 4727 888 4764 norme
906 4720 1029 4780 perpetuo
1048 4719 1173 4782 expetant
1189 4713 1227 4780 (a.
1239 4717 1273 4766 81
1283 4707 1387 4778 ψη).
1421 4713 1509 4777 ¹ttqna
1526 4712 1562 4764 ita
1578 4707 1636 4764 true
1653 4709 1780 4764 hommum
1798 4711 1985 4766 inconstantiae

391 4799 469 4854 'omisi
482 4800 541 4865 legs
553 4797 651 4852 carenti
664 4796 762 4848 adsueti
773 4811 869 4860 mmm,
885 4803 914 4848 ut
926 4797 1014 4864 velta,
1031 4799 1185 4863 Mamm,
1208 4813 1266 4853 eum
1286 4799 1312 4852 la
1330 4799 1401 4850 actas
1416 4801 1444 4848 et
1458 4797 1552 4849 vestitu
1567 4810 1627 4850 usco
1640 4796 1767 4862 quaedam
1785 4794 1987 4851 inconvenientia

400 4881 609 4950 deprehendaris,
625 4881 711 4936 rideas
723 4885 750 4930 et
762 4877 945 4946 cuncteris,
962 4883 1157 4940 inconstsutlam
1170 4883 1247 4936 animi
1259 4899 1292 4938 se
1305 4883 1382 4948 uitae,
1399 4895 1467 4948 quse
1477 4881 1561 4934 multo
1570 4881 1643 4948 pejor
1655 4887 1711 4946 est,
1728 4887 1757 4933 ut
1773 4881 1906 4947 uulgarem
1920 4877 1988 4928 inter

402 4963 519 5022 hominus
530 4967 673 5038 stultitiam,
690 4979 744 5022 nou
755 4965 882 5034 marites,
898 4981 947 5022 uec
959 4967 1054 5026 idcireo
1066 4973 1240 5024 mceuratore
1251 4967 1447 5038 agasastus,
1464 4982 1523 5022 cum
1533 4967 1685 5036 pracsertim
1695 4971 1723 5020 tn
1735 4965 1791 5034 ipse
1804 4963 1864 5020 milri
1873 4969 1943 5016 tator
1953 4957 1989 5011 sis

1808 5062 1870 5134 ὖ*
