4804 5974
419 655 528 733 taciat3
549 657 673 737 praeter
686 669 761 733 quas
775 669 812 714 ae
824 647 902 713 nibil
914 647 1013 712 adbuc
1033 647 1066 712 in
1085 647 1193 734 volgus
1215 650 1351 714 edidisse
1372 667 1434 730 qno
1454 666 1566 714 nomen
1584 647 1647 714 sibi
1664 595 1804 734 periret,
1825 649 1989 735 rigorum,
2017 672 2086 720 eum
2191 649 2198 656 .

422 779 512 841 dicits
534 775 613 852 „boc
627 779 708 849 aas,
731 771 844 834 melius
865 769 947 854 quod
962 770 1095 832 casleu
1109 772 1262 852 possesa“
1316 769 1378 832 Sed
1400 771 1619 834 nihilomnino
1641 773 1751 848 obstat,
1777 773 1937 853 quominus
1958 793 2030 836 eum
2052 781 2088 838 et

422 895 669 960 Archilochium
686 911 780 973 genus
795 895 827 952 et
840 890 951 970 Lyrica
959 890 1023 970 jam
1038 893 1186 950 tractasse
1198 893 1374 964 subeamus,
1397 889 1453 950 a'ed
1466 889 1547 952 domi
1561 890 1715 970 pressisse
1726 895 1778 953 ant
1796 910 1865 952 cum
1877 893 1980 956 amieis
1993 892 2086 956 modo

422 1015 659 1080 communicasse
673 1009 820 1089 quidquid
836 1009 866 1069 in
880 1008 941 1069 boc
963 1025 1077 1090 genere
1097 1007 1196 1068 adbuc
1217 1007 1401 1087 scripsisset.
1448 1006 1615 1071 Praeterea
1632 1010 1731 1091 probe
1750 1009 1917 1074 tenendum
1938 1016 2003 1088 est,
2023 1013 2086 1076 boa

423 1135 464 1197 de
480 1117 562 1196 omni
574 1133 750 1212 poematum
764 1147 889 1210 genere,
910 1127 967 1188 sed
980 1127 1020 1188 de
1032 1125 1133 1189 Satira
1144 1125 1236 1187 modo
1251 1125 1283 1187 in
1295 1129 1429 1212 utroque
1440 1145 1582 1190 emmone
1596 1128 1656 1210 agl.

364 1251 416 1314 12.
507 1251 545 1315 ll.
587 1249 795 1330 Rentlejus
822 1263 1031 1328 perperam
1059 1245 1223 1322 statuit,
1251 1244 1471 1308 ¹Horatium
1506 1265 1582 1308 non
1609 1245 1791 1329 singulas
1812 1244 1983 1327 ltologas
1999 1247 2088 1312 sed·
2148 1325 2151 1332 .

423 1377 533 1435 totos
562 1369 675 1432 modo
696 1367 937 1446 dialogorum
958 1363 1085 1426 libros
1107 1343 1231 1426 semel
1260 1363 1464 1444 simulque
1489 1365 1644 1446 publici
1671 1365 1780 1447 juris
1806 1365 1968 1427 iecisse.
2018 1367 2087 1430 blac

381 1496 383 1506 '
425 1491 547 1571 quidem
562 1490 592 1549 in
606 1506 642 1548 re
655 1485 758 1547 subtili
773 1484 892 1566 judicio
908 1487 941 1544 et
960 1485 1056 1565 proba
1079 1483 1277 1546 distinctione
1296 1487 1362 1544 tum
1381 1484 1463 1545 inter
1482 1483 1668 1566 scriptores,
1688 1489 1755 1546 tum
1776 1485 1858 1546 inter
1878 1485 2000 1565 scripta,
2020 1492 2092 1548 tuor

423 1613 506 1674 tuter
519 1611 601 1688 ipsas
616 1577 790 1685 publicandi
804 1605 937 1664 rationes
952 1619 1030 1683 opus
1046 1607 1103 1664 est
1146 1602 1235 1678 Esto,
1257 1601 1340 1681 quod
1363 1602 1487 1664 minime
1505 1619 1665 1684 nomam,
1684 1603 1850 1694 scriptores
1865 1601 1997 1684 liclogas
2016 1621 2091 1666 usas

424 1729 515 1790 variis
530 1723 738 1786 occasionibus
751 1721 927 1803 singillatim
939 1722 1123 1803 compositas
1137 1726 1211 1802 post
1233 1720 1265 1782 ln
1285 1719 1381 1782 llbros
1400 1722 1562 1804 redegisse
1579 1739 1698 1800 eoaque
1717 1721 1750 1782 iu
1767 1721 1960 1783 librariorum
1980 1739 2086 1784 manus

426 1846 565 1920 traditos,
579 1841 660 1924 apud
673 1859 752 1920 qnos
767 1835 891 1922 scriptis
905 1821 1126 1922 exemplaribus
1138 1839 1261 1902 venales
1275 1840 1466 1921 prostabant,
1488 1840 1666 1920 evulgasse:
1697 1839 1780 1919 qnod
1795 1839 1925 1920 quidem
1945 1857 2008 1902 non
2028 1841 2088 1904 ca·

425 1965 534 2027 tullum
546 1962 648 2036 modo,
661 1935 837 2039 Virgilium,
845 1957 1009 2034 Nasonem,
1025 1957 1166 2035 Statium,
1180 1958 1352 2020 Martialem
1366 1958 1504 2038 aliosque
1517 1957 1631 2020 fecisse
1644 1957 1693 2019 vel
1707 1976 1746 2019 ex
1759 1959 1835 2038 ipsis
1849 1958 1994 2022 librorum
2009 1959 2088 2022 Pro·

427 2084 532 2145 oemiia
547 2085 599 2142 aut
612 2078 753 2158 Epilogis
769 2083 905 2156 constat3
927 2077 983 2138 sed
997 2077 1158 2140 Horatium
1175 2097 1300 2159 quoque
1313 2078 1442 2140 eundem
1455 2094 1571 2139 rnorem
1589 2082 1729 2140 secutam
1749 2095 1811 2138 non
1830 2077 1944 2156 reliqui
1964 2078 2089 2156 quidem
2116 2058 2119 2066 ¹

426 2203 494 2282 ejus
507 2200 568 2260 loci
582 2219 601 2260 a
613 2197 754 2278 bentlejo
768 2196 900 2271 excitati,
922 2197 978 2258 sed
989 2195 1134 2278 Epistola
1147 2199 1290 2259 vicesima
1303 2202 1370 2258 tota
1388 2196 1434 2258 ad
1455 2195 1618 2258 Librum
1639 2215 1748 2258 suurn
1771 2201 1802 2259 et
1816 2185 1905 2270 terti'a
1920 2194 2035 2259 decima
2048 2197 2088 2260 ad

424 2317 581 2400 Vinium
595 2309 768 2376 Asellam
787 2315 932 2393 inscripta
945 2305 1084 2394 probarit
1111 2313 1174 2376 Sed
1188 2333 1225 2378 ea
1237 2335 1273 2377 re
1286 2316 1407 2377 minime
1420 2315 1561 2396 impediri
1569 2315 1752 2396 judicamus,
1773 2315 1933 2395 quominus
1950 2315 2089 2396 singulae

425 2439 572 2518 Eclogae,
585 2437 678 2514 prout
692 2451 794 2514 eanum
807 2429 856 2492 sel
868 2432 938 2490 linis
951 2433 1000 2490 ael
1014 2431 1132 2494 indoles
1146 2433 1275 2509 ferebat,
1294 2434 1329 2495 in
1339 2433 1493 2513 publicum
1504 2434 1594 2494 variis
1613 2431 1712 2493 modia
1726 2435 1856 2494 emissae
1869 2435 1941 2494 siut.
1967 2431 2043 2494 Nam
2057 2439 2092 2496 et

371 2625 377 2640 ,
423 2558 494 2646 visa
504 2553 663 2635 scriptoris
676 2569 753 2610 soce
766 2551 909 2629 poterant
921 2547 1062 2628 pluribus
1076 2549 1282 2624 innotescere,
1302 2547 1533 2610 recitationibus
1555 2547 1650 2610 semel
1669 2547 1706 2608 ab
1721 2547 1827 2608 Asinio
1840 2513 1984 2610 'Pollione
1998 2545 2111 2612 insti-'-

266 2663 270 2670 ¹
387 2689 405 2724 ³
424 2677 501 2740 tutis
514 2679 548 2736 et
558 2674 592 2734 in
604 2689 691 2734 nsum
703 2669 838 2747 receptis
854 2660 898 2749 (ι.
911 2665 1004 2746 ltprr.
1020 2666 1057 2728 ad
1071 2667 1095 2728 1.
1109 2665 1172 2728 Sat.
1185 2667 1219 2742 4,
1235 2662 1322 2751 42.)ι
1345 2672 1377 2727 et
1397 2667 1601 2748 privatorum,
1623 2665 1662 2726 ad
1684 2683 1761 2745 qnos
1775 2667 1886 2727 missae
1908 2672 2011 2742 erant,
2033 2649 2107 2730 de?

426 2795 551 2875 scriptis
567 2786 788 2871 exemplaribus
801 2784 1155 2868 poterantpublicijuris
1168 2786 1248 2861 lieri,
1270 2791 1304 2847 et
1323 2784 1463 2866 airagnlae
1484 2789 1557 2845 ante
1578 2803 1667 2864 qnam
1689 2783 1721 2846 in
1741 2783 1835 2846 libros
1856 2785 2087 2865 colligerentur,

424 2933 483 2997 pro
499 2932 553 2974 sua
566 2909 617 2972 sel
629 2907 733 2970 indole
745 2905 794 2966 vel
808 2899 1014 2966 destinatione
1026 2909 1091 2964 tum
1104 2904 1141 2964 ab
1154 2903 1230 2986 ipsis
1245 2905 1421 2966 anctoubns
1433 2908 1499 2964 tum
1513 2903 1549 2963 ab
1566 2903 1791 2964 eorumamicis
1806 2903 1985 2982 quibuscum
2004 2923 2088 2967 com-

424 3031 594 3095 municatae
611 3027 727 3097 essent,
748 3024 891 3101 poterant
906 3019 1064 3100 publicanl.
1107 3009 1199 3097 Quod
1213 3021 1287 3082 licet
1305 3022 1404 3080 minus
1419 3022 1563 3080 usitatum
1579 3023 1649 3098 quia
1666 3023 1767 3082 miuus
1787 3022 1992 3084 necessarium
2006 3024 2038 3084 in
2051 3025 2090 3086 iis

426 3147 597 3233 poematiis,
620 3161 698 3224 qnae
717 3138 756 3202 ad
769 3139 869 3200 lusum
884 3136 998 3219 ingenii
1012 3137 1109 3217 magis
1129 3155 1219 3216 qnam
1239 3138 1278 3198 ad
1298 3143 1417 3198 certum
1437 3137 1571 3218 aliquem
1590 3137 1694 3214 finan,
1715 3143 1838 3218 tempus
1861 3141 2089 3204 occaslonemve

294 3257 298 3262 ’
427 3260 704 3350 compositoremel
718 3257 868 3336 simulque
880 3253 967 3316 libris
979 3255 1045 3314 anis
1059 3259 1203 3316 contenta
1217 3259 1250 3315 et
1262 3255 1417 3336 descripta
1434 3255 1615 3316 ederentur:
1647 3256 1686 3315 iis
1707 3261 1811 3316 tamen
1831 3257 1988 3336 opusculis
2013 3275 2086 3320 con·

427 3389 552 3470 tigisse,
581 3397 659 3460 quae
677 3381 794 3439 certam
816 3373 967 3466 quoddam
987 3373 1052 3434 sive
1075 3371 1236 3436 camillum
1254 3373 1320 3434 sive
1335 3377 1458 3454 tempus
1478 3375 1671 3454 spectarent,
1692 3379 1928 3464 consentaneum
1948 3375 2087 3457 adeoque
2187 3365 2190 3372 “

427 3521 557 3569 necesse
569 3499 637 3560 fuit.
756 3465 764 3482 ’
1997 3481 2001 3488 ’

369 3625 421 3690 18,
513 3623 582 3700 Quo
595 3619 627 3680 in
638 3633 762 3699 gauere,
778 3617 814 3674 ut
828 3611 904 3674 alios
918 3615 1044 3685 taceam,
1066 3627 1128 3672 non
1142 3607 1327 3690 Virgilianos
1340 3610 1433 3673 modo
1447 3609 1581 3694 Eclogas
1597 3609 1696 3674 luisse
1710 3611 1833 3688 seimus,
1856 3631 1936 3693 qnae
1951 3615 2089 3697 singalas

426 3746 498 3807 aute
512 3759 601 3821 quam
615 3713 798 3818 conjunctim
812 3732 986 3807 ederentur,
1008 3729 1208 3791 inhominem
1222 3747 1328 3790 manns
1343 3735 1568 3811 pervenerunt3
1590 3749 1652 3792 non
1668 3729 1759 3792 Statii
1773 3732 1864 3792 modo
1881 3731 1988 3808 Silvas,
2012 3751 2087 3812 quas

428 3863 499 3944 lpse
512 3857 644 3940 singulas
657 3854 743 3935 prius
759 3852 856 3914 editas
869 3851 900 3912 in
913 3849 1082 3912 Prooemiia
1092 3820 1243 3910 librorum
1257 3847 1455 3930 significarita
1478 3849 1534 3910 sed
1546 3848 1715 3914 Horatiana
1729 3849 1929 3914 etiammulta
1941 3853 1984 3913 ita
1997 3853 2084 3914 inno·

286 3979 293 3986 ’
427 3981 528 4042 tuisse
542 3973 688 4056 oportuit,
709 3974 869 4048 antequam
885 3969 916 4028 ln
929 3966 1024 4027 libros
1040 3965 1158 4047 digesta
1172 3987 1190 4026 a
1202 3966 1335 4028 librariis
1348 3965 1586 4047 divulgarentur.
1630 3966 1728 4043 Quem
1752 3968 1832 4028 enim
1854 3969 1887 4029 in
1907 3969 2001 4032 linem
2019 3989 2085 4032 oar-

428 4095 509 4160 mlna
526 4089 710 4176 praesmtim
729 4087 766 4149 ad
787 4083 924 4166 publicas
942 4102 994 4144 res
1015 4085 1122 4164 populi
1134 4075 1263 4146 Romani
1283 4083 1452 4166 spectantia
1473 4085 1593 4146 omnino
1615 4091 1823 4165 componeret,
1845 4087 1904 4146 uisi
1921 4093 1957 4148 ut
1970 4087 2084 4167 publici

425 4215 639 4299 juristlereut,
661 4225 718 4270 nec
731 4205 863 4268 fortasse
877 4206 949 4285 post
964 4201 1084 4282 aliquot
1095 4219 1199 4277 annos,
1220 4203 1283 4264 suis
1297 4202 1497 4264 voluminibus
1513 4201 1639 4280 Inclusa,
1662 4221 1732 4264 cum
1752 4167 1907 4282 propriam
1927 4221 2013 4266 auam
2026 4205 2088 4267 alm
2119 4207 2122 4214 ’

429 4333 648 4416 perdidissent,
669 4326 725 4390 sed
738 4343 794 4387 sno
811 4323 880 4404 lpso
893 4329 1034 4402 tempore
1046 4321 1128 4402 apnd
1140 4319 1251 4402 vulgus
1262 4315 1513 4384 innotescerenti
1556 4321 1653 4402 cnjus
1668 4321 1789 4402 generis
1802 4321 1885 4382 baud
1896 4341 1993 4403 pauca
2005 4323 2085 4406 apud
2128 4300 2147 4324 ⁶

430 4471 502 4516 eum
517 4425 676 4523 ridemus,
695 4444 781 4506 velot
798 4442 822 4505 1.
842 4440 934 4503 Odor.
952 4441 984 4502 2.
1011 4439 1084 4504 dam
1104 4441 1183 4502 satia
1203 4441 1306 4502 terris.
1328 4439 1379 4502 12.
1405 4439 1499 4503 Nunc
1519 4445 1569 4503 est
1589 4439 1762 4501 bibendum.
1783 4438 1881 4516 1112.
1902 4439 2085 4523 Angustam

431 4571 540 4634 arulae.
561 4567 593 4628 3.
620 4565 743 4626 ductam
763 4581 802 4625 ac
823 4567 975 4624 tenacem.
996 4561 1028 4623 4.
1048 4558 1213 4622 Descende
1232 4559 1326 4622 coelo.
1346 4555 1378 4620 5.
1411 4558 1504 4622 Coelo
1523 4565 1696 4620 tonantem.
1717 4559 1749 4620 d.
1776 4556 1906 4620 Delicta
1925 4561 2086 4640 majoram.

432 4689 486 4752 14.
507 4685 743 4747 Herculierita.
764 4681 817 4746 24.
839 4680 974 4742 lautomia
987 4680 1172 4760 apauleatior.
1194 4676 1247 4753 IV,
1261 4677 1292 4740 4.
1316 4676 1447 4754 Qualem
1469 4679 1653 4740 minuerant
1682 4676 1734 4737 14.
1758 4675 1846 4752 Quae
1860 4697 1936 4740 eura
1946 4687 2087 4759 patrum.

432 4807 510 4870 ltern
533 4805 696 4866 Carmen
717 4799 955 4876 Saeculare,
978 4797 1014 4860 ad
1029 4797 1178 4878 publicam
1192 4795 1439 4878 populiliomani
1453 4797 1686 4860 sollemnitatem
1705 4795 1915 4858 celebrandam
1927 4797 2086 4878 scriptum.

373 4929 426 4992 14.
517 4921 599 4984 Τιιιιι
613 4921 653 4983 de
666 4919 814 4981 Satiris
835 4918 1022 5000 exploratrun
1033 4917 1195 4991 habemns,
1218 4914 1353 4995 singulas
1368 4920 1439 4977 ante
1453 4933 1541 4996 quun
1554 4916 1587 4976 in
1603 4915 1733 4976 duorom
1746 4913 1892 4976 librourm
1905 4933 2019 4995 eorpus
2031 4908 2091 4998 re·'

431 5047 620 5128 digerentur,
642 5037 731 5101 simul
750 5042 844 5117 atque
863 5041 950 5097 ortae
971 5039 1083 5110 esseut,
1105 5009 1280 5114 singillatim
1299 5033 1398 5098 fuisse
1419 5035 1544 5096 emissas
1563 5038 1656 5112 atque
1675 5033 1756 5114 apud
1776 5033 1884 5112 uulgare
1906 5033 2084 5098 innotuisse.

293 5189 297 5198 ·
431 5163 510 5228 Nam
524 5166 556 5226 in
568 5131 633 5225 toto
646 5157 794 5222 Sermone
808 5161 917 5238 quarto
930 5153 998 5218 Lib.
1011 5151 1035 5216 1.
1047 5172 1116 5216 cum
1131 5155 1225 5236 po‘e'ta
1237 5151 1298 5217 boc
1312 5159 1393 5237 agat,
1415 5157 1450 5216 nt
1462 5151 1581 5218 Satirae
1593 5172 1667 5216 anae
1679 5155 1783 5233 partes
1797 5147 1878 5232 apud
1897 5153 1979 5216 cives
1998 5159 2084 5216 tuea-
