4804 5974
1051 559 1170 576 ψ

278 683 417 800 Barteqi)
440 681 552 748 multos
564 683 597 747 iu
611 681 690 746 banc
704 685 822 763 partem
833 679 962 758 rumolt,
982 681 1032 745 rel
1046 689 1185 765 opertum
1197 681 1249 746 rel
1263 683 1387 750 tacitum
1399 693 1581 776 eonsensum
1593 687 1803 769 prodiderunt.
1847 693 1939 776 Quod

279 811 380 868 utrum
394 823 500 886 magna
515 803 685 884 Bentlejaui
700 801 828 862 nominis
840 801 920 862 inter
938 801 1091 880 eruditos,
1113 807 1148 864 ιιι
1167 823 1223 884 par
1235 803 1303 880 luit,
1327 807 1507 868 auctoritate
1527 805 1669 870 ellectum
1690 809 1746 886 sit,
1769 827 1806 872 an
1826 810 1938 894 insigni

279 923 335 986 viri
350 925 471 998 fiducia,
496 942 556 1004 qna
568 922 723 990 inventurn
741 919 802 981 boc
815 939 903 982 suum
919 939 976 1001 pro
998 921 1168 984 certissima
1188 939 1294 984 norma
1309 921 1483 984 hominibus
1505 925 1670 1008 venditarit
1688 923 1758 1006 (Sic
1771 929 1851 994 euim
1864 928 1935 994 illes

277 1039 449 1120 „Ceterum
461 1041 642 1122 ubicumque
654 1041 714 1101 ciri
722 1039 896 1101 doctissimi
906 1047 999 1100 eetro
1013 1039 1130 1102 limites
1142 1037 1191 1100 bic
1199 1011 1320 1120 pobitoa
1332 1041 1364 1100 in
1379 1033 1586 1122 odeiguandis
1597 1044 1787 1123 temporibus
1799 1048 1945 1129 erugari-⁰

278 1167 344 1237 tur,
357 1161 453 1223 toties
467 1159 518 1220 illi
528 1161 561 1220 in
576 1177 696 1220 errores
702 1145 960 1241 prolabuntur.“)
975 1161 1012 1219 ab
1024 1159 1070 1220 rei
1081 1159 1179 1240 ipsius
1194 1157 1300 1220 eximia
1314 1157 1495 1222 difficultate
1514 1159 1762 1240 obscuritateque
1787 1170 1820 1227 et
1835 1165 1938 1232 iuncta

249 1255 450 1343 ‘bominibus
469 1278 534 1338 reri
555 1275 742 1358 explorandi,
764 1294 834 1340 eum
852 1275 885 1340 in
904 1275 1006 1360 aliqua
1018 1248 1093 1358 'ejus
1117 1277 1222 1360 specle
1242 1275 1300 1340 sibl
1321 1276 1420 1340 oblatu
1442 1277 1639 1360 acquiescere
1658 1281 1790 1360 possint,
1810 1281 1935 1360 inertia,

278 1397 421 1478 equidem
435 1397 602 1459 decernere
614 1413 674 1458 uon
689 1396 794 1458 ausim.
1172 1372 1176 1380 ¹

362 1517 549 1595 Quamquam
562 1533 623 1576 non
636 1514 775 1588 deluere,
791 1514 843 1594 qui
857 1511 1048 1598 lientleJauaa
1064 1513 1121 1576 baa
1134 1514 1270 1577 rationes
1284 1513 1335 1578 r'cl
1348 1530 1387 1577 ex
1408 1491 1501 1598 perte
1514 1513 1563 1578 rel
1584 1517 1705 1579 omnino
1722 1513 1943 1597 improbarent·
1963 1525 1994 1592 b.

276 1634 309 1696 ιι
320 1636 407 1695 novis
421 1635 461 1696 de
474 1635 595 1714 integro
609 1634 836 1713 quaestionibus
851 1633 998 1695 institutis
1010 1635 1130 1695 veriora
1143 1650 1253 1718 eruere
1266 1638 1458 1698 conarentur.
1502 1633 1536 1698 lo
1551 1631 1660 1714 quibus
1674 1635 1807 1718 primum
1822 1633 1936 1698 Sana·

276 1749 371 1813 doni
390 1750 501 1814 soliers
516 1753 672 1832 ingenium
685 1749 768 1811 baud
780 1770 875 1832 panca
887 1750 1085 1832 probabiliter
1099 1753 1270 1818 coustituit.
1305 1749 1386 1816 Post
1407 1770 1477 1816 enm
1490 1751 1640 1816 duumairi
1665 1754 1706 1816 de
1727 1753 1849 1834 Lyricls
1867 1751 1936 1816 lio·

275 1871 347 1931 ratli
363 1857 559 1946 meritissimi,
582 1870 670 1931 chr.
691 1868 779 1934 Dav,
798 1868 888 1932 iani
910 1873 941 1932 ιι
962 1871 1050 1934 Cirr.
1071 1871 1175 1934 (inii.
1196 1867 1483 1934 lliltsclaerlleh
1497 1874 1529 1934 iu
1543 1873 1803 1935 editiouirussuis
1818 1869 1938 1953 singula

278 1987 413 2050 0darum
427 1991 574 2071 tempori,
587 1987 725 2050 Masaoui
737 1988 886 2070 imprimis
900 1989 1068 2052 rationibus
1080 1991 1232 2068 adhibitis,
1253 1987 1400 2052 historica
1416 1990 1498 2066 ilde,
1519 2011 1537 2054 a
1560 1991 1700 2071 lieutleJo
1721 1989 1848 2050 multum
1869 1987 1936 2052 dic·

168 2080 173 2094 ’
275 2107 454 2182 scribentes,
472 2107 642 2168 accuratius
658 2107 818 2188 explorare
831 2109 1022 2171 studuerunt
1066 2109 1204 2187 Quorum
1223 2109 1276 2169 ille
1289 2110 1321 2170 in
1342 2107 1443 2169 Pnei.
1457 2107 1516 2169 lid.
1538 2109 1632 2169 ms.
1652 2127 1684 2188 p.
1707 2103 1817 2168 cxiv.
1843 2103 1938 2168 breve

276 2226 397 2308 quidem
411 2224 466 2286 sed
479 2227 669 2316 verissimum
679 2225 828 2306 judicium
841 2224 921 2286 lert:
939 2227 1137 2309 „ilentlejana
1149 2231 1324 2308 temporum
1333 2225 1422 2298 ratio,
1441 2225 1500 2285 alc
1522 2222 1637 2303 aimpi
1648 2223 1771 2284 ielter
1789 2221 1936 2303 posita,

275 2320 307 2406 et
320 2345 370 2404 vix
383 2320 497 2423 p'oteril
518 2345 591 2404 satis
612 2343 708 2403 firmia
727 2343 912 2422 argumentis
933 2343 1062 2418 adstrui,
1082 2361 1184 2420 neque
1206 2341 1305 2401 ιιΙιιιιιιΙ
1318 2339 1559 2420 probabilitatem
1580 2337 1704 2397 habet.“
1753 2337 1937 2421 Nuperrime

276 2461 359 2538 Car.
379 2459 677 2536 Venderbourg.
695 2457 727 2515 in
743 2455 879 2516 editione
898 2456 1073 2520 carminum
1086 2459 1197 2536 (Paris.
1213 2457 1307 2532 1812,
1322 2457 1359 2517 ll.
1377 2455 1458 2518 voli
1474 2455 1522 2530 8.)
1536 2454 1670 2534 eleganti
1682 2453 1803 2536 judicio
1818 2461 1851 2517 ιι
1863 2455 1936 2520 sub·

275 2579 325 2642 tili
340 2577 513 2641 eruditione
526 2591 602 2636 urus
614 2573 655 2637 de
670 2572 844 2635 carminum
858 2571 1093 2635 Horatiauorum
1107 2573 1295 2654 temporibus
1308 2578 1374 2635 tum
1387 2573 1418 2634 ln
1433 2591 1558 2654 genere,
1578 2577 1643 2634 tum
1657 2572 1830 2652 singillatim
1842 2571 1937 2636 ιιιιιι

274 2703 380 2761 contra
396 2693 528 2774 bentleji
542 2691 732 2773 potissimum
745 2693 880 2752 ιιιιοιιι
893 2697 1032 2758 accurate
1046 2692 1221 2772 disputarit.
1246 2705 1249 2714 ’
1263 2691 1346 2753 inter
1363 2710 1429 2766 nos,
1449 2695 1484 2752 ιιι
1497 2691 1625 2752 alibrum
1646 2691 1847 2770 complurium
1870 2691 1935 2758 ain·

274 2817 361 2898 gulas
374 2814 594 2895 disputationes
608 2809 718 2890 partim
734 2809 868 2872 cruditas
891 2815 924 2870 et
941 2811 1113 2889 ingeniosas
1134 2815 1260 2885 iaceam,
1273 2795 1545 2872 ‘Weiobertns
1567 2807 1606 2870 V.
1627 2805 1678 2869 cl.
1705 2808 1737 2871 ln
1759 2809 1819 2870 boc
1841 2825 1935 2887 quac·

275 2936 406 2996 stionnm
427 2947 540 3010 genere
554 2928 680 3006 egregie
693 2933 842 2998 versatus,
863 2940 932 2986 cum
946 2927 977 2986 in
995 2927 1133 3005 pluribus
1147 2923 1245 2988 doctis
1260 2927 1584 3000 Commentationlbus,
1611 2930 1675 2985 inm
1689 2925 1720 2984 in
1734 2900 1940 3002 praestantis-¹
1984 2942 1988 2951 ’

275 3051 353 3114 aimo
367 3049 421 3108 iiio
434 3047 529 3106 libro:
551 3041 723 3104 Poitorum
734 3039 921 3099 Latinorum
934 3044 993 3098 etc.
1015 3038 1175 3120 reliquiae.
1204 3033 1291 3118 Iaips.
1305 3033 1402 3096 188⁰.
1416 3033 1447 3094 8.
1471 3031 1575 3094 atalia
1597 3031 1678 3114 apud
1699 3031 1860 3095 Horatium
1882 3053 1935 3098 ex·

277 3167 388 3250 quisita
401 3175 456 3226 aaa
471 3161 611 3224 doctrine
624 3157 788 3220 illustrarit
800 3162 832 3218 ιι
848 3156 881 3217 ln
894 3156 1082 3237 temporibus
1097 3157 1187 3218 etiam
1200 3153 1385 3235 Eclogarum
1402 3149 1617 3233 perquirendis
1637 3147 1829 3232 Bentlejanas
1840 3153 1935 3220 ratio·

277 3305 344 3364 nes,
369 3285 479 3365 quibus
493 3281 614 3342 dubiam
626 3277 719 3339 modo
731 3277 824 3338 fldem
837 3276 930 3338 babet
945 3269 1048 3358 (raet.
1063 3273 1130 3335 Lat.
1143 3292 1174 3354 p.
1188 3267 1278 3356 84⁰.)
1292 3271 1473 3353 plerumque
1487 3261 1625 3332 deseruit
1637 3273 1668 3330 ct
1682 3269 1803 3350 abjecit,
1906 3267 1925 3334 ,“
2035 3317 2043 3332 .

361 3403 424 3464 led
439 3401 579 3482 quoniam
594 3417 631 3460 ea
645 3416 723 3477 qnae
736 3415 754 3457 a
766 3397 840 3456 ciris
862 3395 961 3456 doctis
976 3391 1148 3456 contrahas
1164 3393 1298 3454 rationes
1315 3390 1405 3454 allata
1417 3375 1503 3464 'aunt
1522 3387 1590 3450 iere
1605 3367 1724 3468 singola
1737 3387 1833 3468 magis
1847 3407 1935 3468 quam
1962 3397 1994 3462 6,

274 3541 421 3588 ιιιιιιιιιι
433 3521 528 3584 totius
542 3517 729 3599 quaestionis
741 3515 904 3595 attingunt,
917 3531 974 3576 nee
989 3514 1149 3594 quisquam
1162 3511 1270 3586 adlauc,
1287 3509 1369 3590 quod
1384 3509 1487 3582 sciam,
1499 3507 1625 3580 exstitit,
1640 3506 1697 3584 qul
1708 3505 1745 3566 ab
1757 3507 1837 3566 omni
1848 3513 1936 3587 parte

276 3661 328 3718 eas
343 3639 470 3720 aggredi
484 3643 577 3714 atque
591 3635 766 3698 convellere
781 3634 822 3694 sit
835 3639 971 3708 conatus,
993 3637 1086 3710 atque
1100 3649 1141 3691 ea·
1151 3625 1312 3706 singularia
1324 3627 1403 3686 iulia
1417 3625 1538 3686 indoles
1551 3621 1833 3697 iuesevidetur,ut
1844 3624 1935 3703 qnid·

277 3759 352 3840 quid
372 3759 404 3818 ln
425 3753 553 3835 singulis
573 3754 611 3813 iis
632 3749 811 3824 detraxeris,
829 3747 1050 3827 probabilitatis
1070 3734 1221 3805 tamenin
1242 3739 1475 3822 generealiqua
1495 3739 1615 3820 species
1633 3743 1799 3814 remaneat,
1821 3739 1936 3802 lactum

277 3883 335 3952 ast,
351 3875 455 3949 credo,
468 3879 503 3934 ut
516 3871 564 3932 rel
583 3869 677 3932 bodie
690 3885 794 3929 earum
807 3865 987 3939 auctoritas,
1008 3881 1068 3924 nan
1082 3860 1164 3942 apud
1184 3843 1294 3941 vulqus
1315 3857 1504 3920 eruditorum
1524 3855 1644 3932 aulum,
1667 3855 1724 3918 aed
1746 3857 1826 3937 apud
1848 3857 1934 3938 ipsos
2032 3911 2038 3928 ,

277 3997 355 4060 adeo
368 3993 476 4056 barum
489 3991 658 4054 litterarum
671 3988 787 4067 peritos
803 3989 835 4052 ιι
850 3981 1014 4065 principes,
1035 3981 1062 4043 ai
1076 3999 1136 4042 nou
1149 3997 1289 4060 prorsus,
1303 3977 1385 4039 ound
1401 3975 1588 4038 dubitatione
1612 3978 1745 4050 exemia,
1766 3975 1800 4036 lu
1818 3979 1935 4038 ιιιιιιιι
2052 4026 2055 4034 ,

276 4121 379 4176 tamen
392 4109 500 4184 valeat,
521 4112 557 4168 nt
569 4107 597 4168 sl
609 4107 641 4166 in
654 4103 782 4184 singulis
795 4103 831 4164 ab
848 4123 884 4164 ea
897 4069 1105 4174 discesserint,
1118 4097 1150 4159 lu
1171 4115 1285 4180 genere
1305 4101 1406 4157 tamen
1427 4095 1499 4176 plus
1518 4095 1656 4156 minusve
1680 4111 1745 4154 cam
1767 4093 1936 4172 suspiciant

278 4239 311 4296 et
324 4229 541 4310 amplexentur.
585 4223 674 4302 Quod
690 4225 722 4282 et
740 4220 982 4282 Heindoriio
1001 4220 1140 4280 eveniaae
1153 4216 1253 4289 video,
1275 4216 1328 4294 qni
1343 4214 1416 4275 licet
1436 4211 1555 4293 singula
1567 4211 1658 4272 aliter
1670 4189 1763 4288 atque
1777 4207 1934 4290 bentlejus

279 4347 483 4422 constituerit,
504 4351 606 4407 tamen
619 4343 686 4423 ejus
700 4339 1023 4416 milonibuaaummam
1037 4337 1129 4397 iidem
1146 4335 1239 4396 habet
1259 4332 1314 4408 (cl.
1332 4330 1443 4392 Helnd.
1465 4326 1636 4402 arsitii,
1655 4328 1685 4386 1.
1707 4344 1737 4406 p.
1759 4325 1831 4386 229.
1845 4325 1883 4402 ΙΙ,
1903 4325 1936 4386 8.

228 4475 232 4482 '
279 4464 396 4552 pm.
410 4459 510 4545 etal.)
525 4470 558 4525 et
578 4446 905 4524 (inchoantium
928 4456 960 4516 in
973 4455 1052 4517 libro
1065 4455 1164 4516 bonae
1177 4452 1274 4531 frugis
1289 4449 1381 4530 pleno
1402 4447 1448 4509 de
1476 4445 1640 4508 Horatii
1670 4443 1754 4509 vita
1779 4449 1818 4504 et
1844 4447 1935 4506 tem·

279 4586 462 4670 peribus,
484 4580 688 4662 Epistularum
701 4575 891 4639 translationi
904 4575 1048 4636 metricae
1060 4573 1196 4654 praefixo
1208 4565 1601 4652 perinquirendum
1614 4562 1651 4622 iis
1667 4561 1813 4622 tribuisse
1828 4563 1935 4638 miror,

280 4711 316 4768 ul
335 4703 452 4766 cunctis
472 4702 511 4762 de
531 4701 704 4780 poimatum
723 4695 958 4756 Horatianorum
979 4689 1087 4758 ordine
1106 4709 1141 4752 ac
1162 4695 1301 4768 tempore
1322 4683 1549 4766 quaestionibus
1569 4697 1627 4760 pro
1646 4678 1841 4740 fundamento
1863 4679 1934 4740 sub·

281 4823 460 4886 sternendas
476 4837 546 4880 esse
559 4816 740 4890 arbitretur;
766 4813 839 4876 lieet
851 4813 950 4895 ipius
963 4812 1096 4874 rationes
1109 4809 1221 4891 passim
1234 4805 1342 4867 allatae
1354 4802 1432 4884 (not.
1446 4801 1519 4862 loc.
1533 4793 1621 4881 281.)
1644 4813 1705 4858 nou
1727 4798 1845 4859 omuino
1868 4811 1937 4858 cum

245 4933 251 4962 ⁶
283 4943 352 5004 istis
363 4939 551 5003 conveniant.

347 5059 548 5138 Quamobrem
560 5070 617 5116 nee
628 5049 850 5113 infructuosum
863 5069 920 5113 nee
932 5051 1084 5131 ingratum
1090 5045 1212 5108 liaratii
1220 5041 1387 5106 cultoribus
1402 5038 1536 5103 laborem
1543 5053 1593 5098 mc
1606 5032 1764 5112 suscipere
1777 5029 1937 5092 arbitratus
1962 5055 1994 5120 q·

284 5171 713 5254 aum,slsummiiliiusriride
731 5167 1266 5232 Garminumiloratiauorum
1283 5158 1532 5244 temporibus
1546 5144 1938 5303 wumdoneqnaubse're·

1701 5267 1721 5326 1
