4804 5974
1237 387 1359 492 ’.ἕ-4*
1423 421 1426 434 .

458 599 634 681 ¹praeceptis
653 615 728 659 vere
749 595 851 660 aureis
873 594 912 657 ad
932 593 1105 674 principum
1126 591 1262 652 virorum
1282 593 1419 668 levorem
1441 595 1475 653 et
1492 591 1660 656 amicitiam
1686 613 1756 658 cnm
1784 595 1929 659 libertate
1955 599 2132 669 sectandam
2180 626 2184 636 ·

464 723 498 778 et
518 703 675 778 colendam
696 717 829 776 instruit
874 712 992 790 Quodsi
1012 711 1096 772 illam
1115 712 1246 791 primam
1268 710 1430 790 epistolam
1452 711 1682 774 adolescentulo
1710 715 1860 776 sexdecim
1890 715 2017 778 circiter
2038 715 2132 779 anno·
2241 751 2243 762 ι

464 810 532 896 rum
555 823 683 894 dicatam
705 831 905 912 probabiliter
927 830 1106 903 statuimus,¹
1123 847 1161 889 en
1182 847 1273 889 versu
1295 847 1346 908 ep.
1369 829 1421 904 18,
1441 829 1496 890 55.
1517 830 1674 914 „donique
1695 849 1819 894 saeuam
1839 833 1986 895 trititiam
1996 855 2079 916 pluer
2100 841 2134 897 et

469 951 657 1014 Cantabrica
670 951 753 1011 dello
766 950 905 1010 toleret
919 943 1075 1028 *colligere
1095 947 1180 1022 licet,
1202 947 1345 1028 Augusto
1367 967 1402 1008 s..
1417 965 1447 1009 n.
1469 947 1543 1008 ’[29.
1565 950 1598 1009 in
1619 949 1790 1010 tiantsbrba
1811 927 2017 1029 proficiscenti
2039 953 2134 1014 corni·

465 1071 530 1131 te'm
552 1069 648 1130 luisse
669 1069 752 1130 circa
768 1087 882 1130 annum
904 1069 1010 1127 aetatis
1033 1064 1322 1142 duodevicesimam,
1344 1085 1415 1128 curu
1435 1067 1598 1146 superiore
1619 1085 1698 1130 anno
1727 1067 1807 1128 virili
1834 1074 1908 1148 toga
1935 1077 2034 1131 sumta
2054 1071 2136 1132 mill·

462 1188 528 1250 tiae
548 1187 860 1267 adscriptus-luisset.
903 1186 986 1246 ilinc
1008 1181 1170 1264 epistolam
1190 1183 1275 1244 lllanr
1303 1185 1433 1263 primam
1461 1185 1499 1245 ad
1530 1183 1664 1246 Lollium
1691 1204 1720 1247 a.
1741 1205 1771 1246 ιι.
1794 1205 1820 1247 c.
1841 1187 1915 1248 tut.
1937 1191 2137 1268 compositam

468 1323 539 1366 esee
561 1306 711 1368 efficitur:
733 1306 823 1366 alteri
843 1320 950 1364 versata
968 1302 1026 1367 5⁰.
1047 1301 1125 1377 ,aot
1145 1301 1235 1378 duce,
1256 1303 1311 1384 qui
1325 1301 1453 1379 templis
1467 1301 1657 1380 Purtlaoratm
1672 1303 1765 1383 aigne
1773 1307 1883 1384 refigit
1899 1307 2006 1370 nrmd‘
2026 1299 2136 1368 annoni

467 1423 542 1483 tat.
572 1444 599 1483 a.
620 1444 650 1484 ιι.
673 1443 699 1484 o.
722 1423 891 1484 certissime
912 1421 1045 1495 adserit,
1075 1439 1137 1500 quo
1159 1419 1279 1480 Lollius
1300 1438 1410 1482 aunum
1432 1421 1541 1481 aetatis
1568 1421 1745 1482 vicesimum
1772 1423 1896 1482 tertitrm
1912 1425 2050 1502 agebat,
2086 1425 2137 1488 cat

469 1541 634 1604 admonitio
657 1541 709 1602 illa
730 1542 770 1602 dc
792 1513 933 1602 cantione
954 1539 986 1599 in
1008 1557 1173 1618 procerum
1194 1557 1252 1597 usu
1274 1538 1356 1600 salua
1385 1539 1477 1599 animi
1505 1539 1648 1600 libertato
1676 1539 1844 1600 adhibenda
1872 1542 1997 1628 egregie
2025 1559 2137 1604 conve·

469 1659 580 1720 niebat.
623 1661 704 1722 llino
720 1660 785 1741 jam
806 1661 899 1739 lrujns
921 1631 992 1717 libri
1014 1659 1145 1737 spatium
1166 1675 1227 1716 non
1248 1634 1329 1716 iutra
1357 1656 1488 1718 duorum
1516 1658 1571 1718 aed
1602 1663 1674 1717 octo
1704 1676 1850 1718 annornm
1871 1658 2016 1719 terminos
2039 1659 2138 1722 cotttl·

470 1777 539 1837 ueri
561 1785 696 1858 apparet
739 1777 804 1838 Sed
824 1776 905 1836 heard
927 1795 1037 1855 paucas
1060 1777 1127 1858 ejus
1150 1775 1297 1855 epistolas
1319 1775 1411 1836 etiarn
1432 1775 1514 1836 ultra
1535 1776 1697 1836 terminum
1720 1775 1850 1836 alterum
1871 1797 1890 1836 a
1910 1777 2051 1862 Bentlejo
2066 1795 2138 1840 oon-

472 1896 613 1976 stitutum
636 1895 752 1978 egredi,
773 1895 794 1955 i.
818 1913 846 1954 e.
867 1899 941 1973 post
962 1914 1072 1955 annum
1093 1893 1167 1954 tto.
1196 1893 1328 1971 scriptas
1357 1912 1428 1954 esse
1448 1893 1497 1952 vel
1520 1895 1758 1954 interaneorum
1773 1893 1878 1955 indole
1899 1895 1971 1954 satie
1993 1894 2141 1956 declarari

471 2011 604 2089 violetur,
627 2014 746 2082 etiarnsi
769 2012 902 2074 externis
925 2013 1049 2090 quidem
1069 2011 1189 2072 indiciis
1210 2010 1292 2073 haud
1313 1982 1403 2074 faede
1417 2009 1510 2072 vallam
1532 2012 1598 2093 ejus
1618 2009 1770 2092 Eulogam
1792 2018 1864 2094 post
1886 2032 1996 2074 anuum
2016 2011 2090 2074 ⁸185.
2112 2032 2139 2075 a.

472 2150 502 2191 u.
525 2150 551 2192 o.
573 2133 717 2213 scriptam
739 2131 882 2192 evincere
901 2129 1003 2192 liceat.

413 2351 465 2413 ott.
495 2315 498 2324 ⁴
557 2351 604 2412 llc
625 2351 708 2412 mihi
723 2351 844 2430 quidem
865 2347 1052 2431 Epistola
1074 2349 1200 2428 prims
1219 2347 1395 2443 non'modo
1409 2351 1541 2427 propter
1554 2347 1704 2474 insignem
1719 2349 2140 2444 compositionis'dignitatem

473 2465 528 2524 sed
550 2473 678 2544 propter
699 2469 803 2525 mitem
824 2467 972 2545 imprimis
993 2467 1169 2526 maturioris
1190 2466 1300 2525 aetatis
1322 2465 1501 2543 sapientiam
1522 2465 1555 2523 in
1576 2484 1613 2524 ea
1634 2466 1818 2541 explicitam3
1848 2485 1909 2545 qua
1929 2469 2046 2548 abjecta
2060 2469 2141 2530 omni

389 2555 394 2560 ι
472 2596 510 2641 re
529 2579 645 2643 ludicra
666 2583 804 2663 ipsisque
825 2581 973 2656 versibus,
994 2581 1093 2642 inania
1116 2600 1195 2660 quae
1221 2579 1333 2661 vulgus
1363 2579 1521 2640 hominnm
1554 2583 1727 2659 pertatem
1748 2563 1993 2659 vitamappetot,
2015 2603 2033 2643 a
2054 2603 2139 2675 vero,

474 2705 561 2758 recto
590 2707 682 2780 atque
710 2699 838 2780 pereuni
865 2698 947 2760 bono
976 2698 1074 2778 probo
1102 2699 1277 2758 discernens
1306 2698 1368 2758 hoc
1390 2697 1456 2777 jam
1485 2696 1574 2755 unice
1601 2715 1636 2755 se
1657 2702 1798 2775 spectare
1827 2703 1859 2758 et
1874 2700 1971 2777 *sequi
1993 2699 2141 2777 affirmatr

477 2800 537 2894 qua
557 2815 589 2877 iu
610 2837 646 2878 re
667 2837 727 2881 non
748 2819 828 2880 vitae
851 2815 972 2897 quidem
993 2817 1101 2896 ipsius,
1123 2815 1179 2877 sed
1202 2833 1305 2878 earum
1327 2833 1430 2878 rerum
1453 2813 1636 2894 quibusvita
1650 2813 1832 2894 plerumque
1845 2819 1988 2897 agitetur,
2009 2838 2140 2902 genero-

476 2990 716 3038 ’'——ff

544 3129 632 3194 „Hinc
649 3131 744 3188 lactum
761 3139 811 3200 est,
828 3138 857 3188 ut
874 3132 932 3200 quia
950 3133 1061 3187 Romani
1079 3131 1235 3201 provinciam
1253 3132 1419 3200 appellabant
1435 3130 1609 3194 Raetiam,
1632 3131 1822 3186 vindelicorum
1839 3148 1934 3186 nomen
1958 3151 2041 3204 paena
2052 3139 2141 3194 ercle·

544 3221 657 3269 sceret⁸‘
681 3219 748 3272 llius
761 3225 846 3285 patet,
865 3233 910 3272 cur
929 3217 979 3270 Dio
994 3219 1019 3268 iu
1038 3222 1095 3268 tota
1110 3218 1161 3268 ista
1178 3217 1333 3286 narmticosq
1344 3217 1377 3268 de
1394 3216 1528 3290 amborum
1545 3215 1678 3268 Neronum
1695 3216 1721 3282 iq
1740 3213 1787 3286 [ros
1804 3219 1914 3284 populos
1933 3220 2039 3287 Alpinos
2056 3239 2139 3290 expe.

545 3299 643 3352 ditione
661 3301 692 3352 L.
711 3302 782 3366 LlV,
799 3305 841 3352 22
866 3301 899 3352 de
915 3299 1009 3352 Raetis
1027 3299 1167 3361 dunum,
1193 3315 1322 3366 nunquam
1347 3299 1391 3352 dat
1407 3292 1544 3366 lliudalicis¹
1566 3301 1667 3354 locutus
1692 3302 1743 3364 sit,
1770 3315 1828 3353 curn
1854 3304 2012 3367 antiquiores
2035 3308 2137 3370 quidem

544 3383 685 3444 scriptores
702 3391 826 3448 utrosque
842 3384 925 3448 probe
942 3383 1117 3434 discreverint.
1153 3381 1309 3450 Strabolv.
1322 3393 1347 3450 p.
1361 3385 1429 3436 ¹206.
1451 3382 1562 3452 διειοιι,
1578 3385 1645 3450 Aug.
1667 3386 1710 3437 21.
1736 3381 1823 3440 Tibur.
1846 3390 1871 3438 9.
1901 3386 2030 3456 Velleius,
2058 3389 2138 3447 falsus

545 3461 646 3516 Tiberii
658 3474 814 3530 assentator,
829 3466 867 3529 ll,
880 3470 922 3517 95.
939 3472 967 3517 et
976 3464 1187 3532 huiceantrarlua
1199 3465 1293 3519 Florus
1305 3464 1352 3530 lv,
1370 3469 1411 3528 12,
1427 3467 1455 3522 4,
1513 3502 1517 3511 .
1554 3517 1559 3528 ,
1662 3487 1665 3496 .

657 3549 746 3611 Quare
764 3549 812 3604 lrsc
830 3549 991 3605 dubitatione
1008 3549 1110 3603 anhleta
1127 3548 1186 3602 nibil
1208 3549 1325 3617 impedit,
1349 3547 1590 3622 ⁸quonrlnuerdeu
1610 3555 1728 3616 quartam
1746 3551 1790 3606 illo
1811 3553 1869 3622 ipso
1885 3571 1953 3609 anno
1970 3560 2032 3610 rao.
2053 3559 2141 3613 statim

544 3636 606 3701 post
626 3635 745 3688 nuncium
766 3634 800 3686 dc
816 3633 891 3689 Drusi
910 3633 1017 3700 victqria
1032 3633 1147 3686 Romam
1163 3632 1267 3696 allatum
1289 3633 1323 3686 ab
1338 3631 1448 3704 Horatio
1471 3635 1644 3704 compositam
1662 3650 1721 3708 ease
1732 3643 1900 3704 statuamus,
1929 3646 2009 3708 atquo
2032 3643 2141 3710 Augusti

476 3757 480 3784 2
543 3713 660 3770 absentis
677 3726 772 3786 rogatu
789 3719 899 3772 lostam
918 3733 967 3783 per
983 3717 1145 3772 Maecenatis
1165 3717 1377 3771 intercessionem
1398 3719 1526 3786 eonaagis
1539 3713 1702 3772 boc'laotum
1721 3735 1793 3786 mae,
1827 3723 1896 3786 quod
1919 3723 1986 3779 illam
2008 3727 2139 3796 rictpriam

544 3799 643 3854 Drusus
668 3805 787 3870 Augusto
813 3803 991 3862 dilectissimae
1016 3803 1105 3872 rigiqti
1131 3802 1206 3853 trium
1234 3816 1357 3855 annorum
1382 3802 1535 3856 adolescent
1560 3803 1681 3870 (Suetou.
1707 3805 1798 3856 Claud.
1817 3820 1841 3856 e.
1862 3805 1901 3872 l.)
1932 3809 2036 3874 proprio
2061 3810 2140 3864 ductu

543 3887 650 3952 primurn
671 3894 857 3954 reportaverat,
878 3901 954 3950 quam
972 3887 1080 3950 vitricus
1096 3887 1161 3938 tanti
1183 3884 1256 3956 iecit,
1280 3889 1309 3936 ot
1327 3887 1471 3960 praetorios
1487 3887 1510 3938 ei
1532 3895 1639 3954 propter
1657 3901 1714 3942 eam
1732 3886 1843 3940 lscuores
1856 3893 2023 3946 concederat.
2047 3895 2139 3952 (laral-

474 4015 496 4036 ..,
526 3983 629 4032 ¹raroqus
665 3971 720 4022 lieri
756 3987 814 4024 nou·
837 3967 1005 4034 potuissent
1029 3970 1129 4026 seriore
1154 3976 1359 4037 contempora
1385 3971 1467 4036 posits
1489 3970 1637 4036 scripserit,
1667 3986 1700 4024 ex
1722 3969 1762 4022 iris
1789 3972 1905 4026 efficitur.
1962 3977 2042 4030 Hane
2064 3980 2140 4036 0den

496 4049 670 4120 t21Horatius
694 4054 715 4103 si
738 4053 824 4118 paucis
849 4059 910 4120 post
931 4051 1008 4102 Drusi
1031 4053 1163 4106 victoriam
1184 4053 1314 4106 mensibus
1339 4068 1495 4120 conoponere
1520 4055 1659 4118 voluisses,
1698 4063 1836 4122 postquam
1863 4059 1939 4112 ambo
1959 4060 2052 4114 t‘ratres
2074 4080 2139 4118 enn-

473 4183 489 4204 ,,
540 4134 753 4202 tonstreinum
769 4135 870 4188 lrostem
890 4135 1070 4198 debellarunt,
1097 4151 1149 4188 son
1170 4133 1280 4200 Drusum
1297 4136 1382 4190 solum
1399 4136 1505 4188 laudare
1521 4140 1640 4204 poterat,'
1663 4138 1711 4190 nisi
1732 4139 1830 4192 Tiberii
1849 4143 1959 4196 animum
1977 4146 2011 4198 ad
2025 4147 2139 4202 offensas
2169 4189 2172 4194 .

472 4253 478 4288 :
544 4220 647 4279 omuino
661 4236 770 4288 pronum
783 4218 1009 4285 graviterlaedere
1025 4221 1109 4274 vellet.
1144 4218 1317 4284 (Namverba
1332 4223 1412 4272 affl:
1429 4219 1563 4288 inpueros
1577 4220 1756 4276 Neroacanon
1771 4225 1859 4276 laudea
1871 4224 1970 4280 Tiberii
1984 4232 2138 4299 utvietoriq

541 4302 683 4368 includere,
702 4305 771 4370 quod
788 4303 915 4356 Vanderb.
929 4311 1012 4372 putat,
1029 4303 1069 4356 vel
1083 4318 1116 4356 en
1130 4303 1253 4370 singulari
1263 4304 1402 4370 juventa
1418 4332 1452 4344 ··
1469 4321 1520 4364 non
1530 4305 1653 4372 juvenum
1664 4333 1699 4348 -·-
1716 4309 1888 4374 appellatione
1900 4313 1964 4364 satis
1976 4316 2071 4382 patet).
2088 4317 2148 4370 alt-2

543 4404 594 4454 que
608 4405 665 4442 cum
680 4389 736 4456 ipso
752 4383 858 4443 Tiberio
869 4389 1031 4442 necessitatis
1044 4388 1067 4440 ei
1082 4389 1228 4455 plusquam
1243 4403 1300 4442 cum
1313 4387 1399 4443 Druso
1413 4389 1592 4444 intercessisse
1604 4403 1637 4442 ex
1649 4391 1762 4458 epistolis
1773 4393 1871 4459 aliquot
1882 4395 1942 4465 (Ep.
1952 4397 1974 4461 l,
1983 4401 2008 4450 9.
2019 4397 2085 4464 lta,
2099 4399 2138 4468 1.)
2169 4429 2180 4448 .

542 4471 755 4538 colligerelioeat.
775 4472 858 4527 Multo
870 4473 953 4527 minus
965 4489 1024 4526 eam
1036 4489 1103 4525 auno
1112 4473 1171 4524 741.
1179 4471 1360 4527 demumsinanl
1372 4487 1428 4526 enm
1437 4474 1892 4545 quartadecimspoterataeripqlssa,
1904 4481 1965 4546 quia
1970 4489 2138 4549 posteaquam

540 4557 620 4608 ambo
627 4555 718 4610 l'ratrea
725 4558 801 4612 inille
811 4558 922 4612 carmine
930 4559 1034 4625 paribus
1043 4558 1169 4610 extulerat
1178 4557 1305 4620 laudibus,
1323 4563 1350 4610 st
1364 4573 1583 4628 supervacaneam
1595 4560 1717 4615 sumsisse
1729 4578 1835 4630 operam
1850 4565 1987 4628 videretur,
2002 4565 2024 4617 sl
2032 4567 2137 4636 proprio

542 4635 618 4690 etiam
636 4644 748 4696 earnrlue
759 4642 869 4696 Drsrsurn
880 4641 989 4708 ideoque
1002 4641 1042 4692 bis
1058 4653 1109 4690 uuo
1130 4646 1248 4708 tempore
1265 4641 1300 4692 ob
1318 4641 1428 4694 eandem
1441 4655 1496 4694 rem
1510 4645 1668 4708 celebraret,
1693 4651 1720 4698 et
1737 4654 1809 4700 certe
1828 4649 1966 4714 maximum
1984 4650 2031 4700 sibi
2048 4652 2137 4706 edium

542 4727 570 4774 et
581 4723 699 4778 iuvidiam
712 4724 856 4792 eliberta,
872 4725 1187 4793 necprorsusimmerito,
1205 4725 1384 4794 contraxisset.
1421 4725 1519 4780 Contra
1534 4726 1555 4781 si
1574 4725 1685 4780 Dnrsnrn
1704 4737 1796 4794 quarto
1819 4733 1934 4785 carmine
1954 4733 2064 4788 notans
2087 4754 2136 4791 an-

540 4811 645 4870 tequam
660 4805 782 4862 Tiberius
794 4812 849 4876 ejus
860 4808 1032 4876 expeditionis
1043 4810 1171 4876 particeps
1183 4807 1267 4862 factm
1280 4817 1329 4873 est,
1347 4816 1374 4862 et
1385 4809 1451 4864 citra
1463 4811 1581 4864 insidiam
1592 4807 1641 4865 bue
1654 4817 1724 4878 erat,
1749 4821 1775 4866 et
1791 4814 1897 4869 Tiberio
1914 4833 1965 4870 nou
1978 4824 2081 4884 poterat
2087 4821 2135 4876 nisi

539 4891 712 4957 gratissimum
728 4891 799 4956 lieri,
826 4901 855 4946 nt
873 4895 984 4959 Augusti
1004 4894 1087 4946 reditu
1103 4893 1222 4946 idoneam
1239 4893 1402 4948 occasionem
1416 4895 1574 4964 praebente,
1596 4895 1675 4962 ipsias
1691 4913 1795 4964 qnoque
1815 4910 1903 4966 partes
1919 4899 1944 4952 iu
1962 4899 2078 4966 gloriosa
2091 4903 2134 4957 illa

471 5023 477 5028 .
539 4975 705 5042 expeditione
717 4989 767 5026 nna
782 4990 840 5028 cum
855 4977 966 5031 insulsa
980 4979 1059 5045 podta
1072 4979 1243 5032 laudatissimo
1255 4977 1455 5050 celebrarentur.
1490 4980 1550 5032 llas
1559 4980 1673 5046 rabones
1690 4982 1769 5040 stede
1786 4983 1914 5040 carnemt
1929 4983 1965 5038 sd
1978 4987 2133 5044 sententiam

538 5065 654 5116 noanon
666 5059 699 5113 dc
715 5060 1106 5131 utriusquaearnintstenpors
1114 5063 1277 5134 probandam
1286 5067 1365 5132 aure
1374 5063 1563 5122 rubtlandus.
1993 5099 2028 5138 -5
