4804 5974
1271 425 1314 486 24

462 651 534 700 mss.
554 641 583 698 ei
601 629 669 696 edd.
685 637 759 694 rett.
773 629 925 694 exbiberi:
946 629 1028 694 lrand
1049 647 1163 714 pancm
1177 629 1309 694 baberet
1332 579 1388 707 „io
1404 627 1548 694 &anon
1559 627 1746 698 melodicum
1755 619 1919 718 podtoui',“
1942 634 2128 716 quodetiam

461 755 571 843 Aldiqra
585 753 608 814 Ι.
623 747 749 836 (1661.)
764 770 838 832 prae
857 769 892 812 sc
910 749 982 812 i'ert.
1009 749 1113 812 Scbol.
1135 751 1227 812 Acro.
1247 747 1450 824 „cararum
1471 751 1702 814 maledicum
1723 741 1938 835 poeoa'm'in
1967 775 2009 816 sc
2028 741 2128 828 fisi·

460 879 535 947 tat,
557 873 812 948 minaturque
834 869 868 929 si
890 868 1013 930 solita
1034 867 1146 929 rabie
1173 867 1301 928 inerit
1330 867 1493 930 elatus.“
1516 869 1599 948 quod
1619 870 1717 946 idem,
1744 873 1857 934 omisso
1873 847 1974 934 Cassii
1993 874 2127 948 nomine,

459 1009 535 1054 msc.
549 1009 599 1070 op.
616 985 751 1048 Oberliu.
772 986 903 1048 exhibeo
947 985 1123 1066 Porpbyrio
1137 983 1214 1047 nibil
1230 985 1380 1066 ejusmodi
1396 985 1499 1061 affert,
1515 987 1575 1048 aed
1588 975 1819 1073 ἀλληγοριιιῶς
1836 987 1987 1052 bominem
2000 989 2129 1054 maledi·

412 1117 415 1126 '
460 1127 529 1172 oum
551 1107 785 1198 notaripeoset.
836 1105 938 1182 Quare
960 1101 1037 1164 illud
1059 1095 1186 1178 lenone:
1216 1103 1254 1166 1ιι
1279 1103 1481 1181 cassian,
1516 1103 1584 1192 rel:
1614 1105 1653 1165 in
1682 1105 1864 1169 Cossium
1890 1106 2129 1172 maledicum

457 1227 614 1310 podiam
626 1223 751 1285 nomine
764 1221 904 1284 Severi
918 1213 1283 1300 antiquioressecenaeo,
1298 1222 1710 1302 qnodtemerariuafortcsae
1723 1223 1848 1286 alterius
1861 1226 1898 1288 ab
1912 1225 2042 1288 lloratlo
2058 1244 2126 1289 sae-
2178 1231 2184 1240 “

457 1343 520 1408 eui
535 1343 747 1425 grammaticus
770 1345 822 1400 aut
840 1339 982 1403 librarios
1008 1339 1117 1418 aliquis
1138 1340 1270 1416 addidit,
1297 1341 1379 1404 unde
1397 1341 1430 1402 in
1456 1339 1533 1404 alios
1552 1359 1626 1404 mss.
1645 1343 1841 1422 permanavit.
1884 1341 1971 1406 Usus
1995 1343 2127 1424 Gruquli

439 1461 645 1526 .Scboliastos
659 1459 758 1520 Cassii
776 1457 893 1533 Severi,
914 1457 1093 1520 nobilissimi
1107 1458 1188 1520 illius
1204 1459 1347 1535 oratoris,
1369 1459 1409 1521 de
1428 1421 1516 1541 rufius
1531 1459 1690 1520 dicacitate
1703 1458 1794 1522 londo
1811 1461 1977 1536 audiverat,
1999 1463 2123 1524 nomine
2149 1483 2153 1490 ·

456 1585 592 1660 arrepto,
615 1577 744 1640 absurda
759 1575 906 1656 quaedam
922 1596 1020 1656 eaque
1034 1595 1071 1638 cx
1085 1576 1145 1639 boe
1158 1577 1227 1658 ipso
1241 1577 1375 1640 carmine
1390 1579 1488 1659 petita
1503 1577 1536 1640 in
1551 1597 1620 1640 eum
1641 1575 1760 1639 ell'utit:
1791 1575 1974 1653 „Invehitur
1990 1581 2023 1639 in
2048 1577 2125 1642 Oca-

454 1701 536 1762 aa'uos
551 1695 700 1772 δευοηιῃι
716 1697 770 1778 qui
789 1695 999 1768 dicacissimus
1023 1700 1095 1756 crat
1117 1701 1151 1756 et
1168 1695 1383 1776 amorulmtio
1402 1695 1565 1758 meorum
1585 1695 1718 1776 optimos
1739 1713 1872 1777 quosque
1899 1695 2124 1776 insectabatur,

454 1817 527 1882 sed
539 1815 679 1896 focile
696 1812 947 1895 placabatur
968 1813 1153 1894 ingluvie
1172 1814 1351 1890 centris,
1368 1813 1475 1878 odeo
1497 1819 1542 1876 ut
1568 1813 1605 1874 ai
1625 1814 1714 1895 quia
1735 1815 1774 1875 ei
1792 1821 1975 1876 ventrem
1995 1815 2124 1898 reple·

453 1941 534 2010 ret,
563 1933 610 1996 od
631 1933 670 2013 ej
675 1952 718 1992 uc
738 1929 926 1992 cessabat
949 1931 1024 2012 (leg.
1045 1927 1197 2016 cessaret)
1221 1933 1377 1994 convici
1384 1933 1449 1994 ia.“
1493 1933 1579 2011 Quae
1591 1931 1744 2012 quomodo
1757 1909 2034 2013 constarepossint
2053 1953 2121 1997 cum

435 2053 493 2144 ¹iia
509 2071 588 2134 quae
600 2051 643 2112 de
659 2051 758 2112 Cassii
771 2048 878 2111 Severi
889 2049 1012 2129 ingenio
1034 2055 1065 2112 ct
1081 2052 1218 2114 moribus
1239 2050 1444 2132 probatissimi
1463 2052 1552 2112 nobis
1573 2052 1739 2132 scriptores
1761 2049 1967 2126 tradiderunt,
1989 2049 2123 2131 (Seneco

452 2173 600 2236 Controv.
614 2170 758 2250 Excerpt,
777 2167 813 2228 L.
827 2167 877 2228 lll.
888 2167 1002 2258 Erord.
1017 2168 1142 2246 Quintil.
1155 2167 1211 2245 Vl,
1226 2171 1258 2245 1,
1271 2169 1324 2232 16.
1339 2167 1380 2246 X,
1396 2171 1426 2244 1,
1442 2169 1515 2234 116.
1527 2173 1560 2230 et
1575 2168 1656 2232 alibi
1678 2167 1757 2230 Plio.
1778 2167 1819 2230 lL
1839 2167 1877 2230 N.
1897 2165 1965 2243 Vll,
1980 2167 2030 2230 12.
2045 2167 2124 2234 illel.

454 2291 495 2354 de
510 2289 596 2350 Orat.
608 2305 635 2350 o.
652 2288 703 2350 19.
717 2285 816 2348 Tacit.
828 2285 936 2349 Anual.
950 2286 975 2361 1,
987 2287 1040 2352 12.
1055 2285 1108 2362 lV,
1123 2285 1192 2366 21.)
1215 2289 1356 2368 equidem
1369 2305 1431 2350 non
1442 2287 1543 2352 rideo.
1586 2285 1666 2350 Nam
1676 2285 1829 2350 bominem
1842 2287 1959 2368 ingenti
1973 2273 2120 2366 cloquen-

449 2409 513 2474 tiae
527 2409 558 2468 ri
572 2426 608 2468 ac
622 2404 786 2485 splendore
796 2403 938 2466 omnibus
951 2405 1019 2466 aevi
1032 2405 1081 2466 sni
1096 2407 1268 2468 oratoribus
1280 2393 1483 2488 superiorem,
1504 2425 1598 2484 quem
1612 2410 1719 2470 auctor
1738 2403 1861 2484 Dialogl
1879 2403 1919 2466 dc
1942 2403 2123 2482 Ontonia«

449 2525 545 2593 calb.
562 2526 656 2584 totam
672 2521 867 2599 eloquentiae
882 2519 1038 2582 Romanae
1050 2509 1178 2584 formam
1190 2523 1229 2583 ad
1242 2524 1309 2587 aeri
1323 2523 1405 2585 illius
1419 2521 1553 2582 indolem
1573 2523 1749 2602 immutasse
1759 2525 1887 2595 censet,
1915 2522 1971 2582 sed
1991 2517 2124 2594 emonis
2157 2595 2166 2604 „

448 2648 536 2710 ano
550 2639 665 2722 ogeru
675 2637 875 2719 malignitate,
892 2642 959 2702 sam
970 2639 1078 2702 mena
1090 2639 1214 2721 regnae
1227 2615 1388 2704 umorue
1406 2639 1590 2721 paetum,
1610 2643 1646 2700 ut
1666 2657 1705 2700 na
1724 2639 1908 2718 prunorum
1929 2637 2054 2717 queem
2074 2643 2140 2722 as,

356 2733 361 2744 ’
444 2761 556 2837 ,sitatis
576 2759 627 2821 ael
641 2757 777 2820 dicteriis
791 2757 854 2819 auis
869 2755 918 2818 rel
934 2757 1177 2820 accusationibus
1192 2762 1351 2838 parceret,
1378 2757 1512 2837 ideoque
1532 2776 1600 2822 cum
1620 2777 1647 2818 a.
1667 2757 1742 2825 161.
1760 2773 1799 2818 ex
1814 2755 1846 2817 S.
1864 2734 1973 2818 Cto'in
1994 2757 2117 2824 cretam

448 2879 577 2944 1ιιιιι1ιιιι
589 2878 745 2957 relegatus
760 2880 843 2938 esset
855 2869 949 2957 (Tac.
963 2875 1041 2938 Anu.
1055 2875 1080 2952 l,
1093 2875 1146 2937 12.
1160 2873 1215 2950 lV,
1229 2871 1297 2960 21.)
1318 2875 1413 2938 nihilo
1429 2875 1531 2936 secius
1546 2875 1579 2936 ia
1596 2873 1681 2936 iatsli
1695 2874 1786 2936 soloni
1802 2874 1887 2936 rabie
1907 2875 1950 2936 its
1971 2877 2029 2938 sibi
2042 2897 2115 2944 con·

448 3003 590 3072 stantem,
611 3001 648 3056 ut
660 2987 787 3059 Tiberio
798 2993 970 3076 imperante
984 3012 1012 3053 a.
1025 2992 1100 3055 111.
1115 2991 1216 3055 denuo
1233 2991 1363 3056 Senator
1371 2991 1492 3074 judicio
1511 2993 1679 3068 damnatus,
1699 2991 1788 3054 bunia
1809 2996 1936 3068 exutus,
1955 2993 2116 3062 interdicto

447 3117 514 3199 igni
535 3121 629 3194 atque
642 3132 734 3193 aqua,
757 3113 789 3174 in
803 3111 949 3192 Seriphio
962 3127 1036 3172 saxo
1049 3128 1123 3172 rere
1136 3111 1253 3192 tragico
1266 3109 1331 3172 loto
1350 3109 1473 3172 tandem
1486 3111 1704 3198 exspiraserit3
1725 3129 1795 3173 cura
1810 3111 1933 3188 inquam
1949 3111 2112 3192 bominem,

450 3235 526 3298 licet
538 3233 652 3315 ingenii
666 3231 813 3312 perversi,
836 3233 935 3292 umen
949 3246 1006 3289 suo
1019 3229 1052 3288 ic
1066 3245 1182 3307 genere
1193 3245 1324 3307 proram
1336 3227 1478 3288 eximinm
1493 3228 1568 3288 etin
1582 3227 1733 3290 obstinata
1750 3231 1856 3288 contra
1877 3247 1982 3290 omnes
2000 3233 2114 3298 malitia

448 3349 487 3418 ad
501 3367 662 3431 supremos
675 3366 774 3425 usque
788 3363 955 3426 poenarum
969 3344 1081 3425 gradus
1095 3348 1354 3424 perseverantem,
1374 3363 1444 3405 cam
1463 3343 1516 3406 bic
1530 3343 1696 3426 significari
1717 3343 1773 3406 sub
1793 3345 1924 3408 hominia
1937 3349 2043 3429 specie
2055 3351 2113 3414 lor·

449 3467 547 3531 belles
560 3465 661 3540 modo,
683 3463 782 3524 timidi
796 3463 878 3546 canis
893 3463 999 3536 instar,
1020 3460 1200 3536 invadentis,
1222 3465 1328 3522 contra
1338 3461 1490 3522 animosos
1505 3465 1537 3524 ct
1548 3467 1670 3542 paratos
1686 3463 1819 3544 turpiter
1832 3465 1943 3544 ignari,
1963 3458 2005 3548 (r.
2020 3469 2050 3530 1.
2064 3467 2111 3556 2.)

445 3585 579 3650 bominis
599 3585 642 3646 ita
658 3581 783 3647 bomilia
804 3585 836 3642 et
855 3579 983 3662 alrjeoti,
1004 3583 1041 3642 ut
1059 3597 1130 3644 eum
1149 3579 1254 3642 manes
1275 3579 1372 3644 minas
1383 3577 1512 3656 fuderit,
1532 3597 1603 3642 caca
1621 3581 1725 3661 aliqua
1741 3581 1861 3663 objecta
1871 3581 1986 3663 placari
1999 3587 2112 3666 possit,

447 3704 493 3784 (v.
507 3703 539 3766 o.
555 3701 668 3786 lob-io
683 3700 805 3781 quidem
819 3716 1064 3778 nemoumquam
1078 3698 1154 3760 mihi
1167 3699 1367 3780 persuaserit.
1408 3695 1492 3760 idem
1514 3699 1630 3762 sentire
1647 3703 1722 3782 post
1740 3700 1872 3764 (tenen
1890 3706 2007 3765 cautam
2023 3703 2112 3770 dubi·
2178 3773 2190 3794 ἱ
2235 3687 2245 3706 ’

447 3823 593 3886 latronem
607 3825 640 3882 et
652 3818 824 3882 Nitscbium
836 3823 870 3880 et
882 3814 1148 3898 Vanderburgium
1167 3817 1317 3899 &gantis
1333 3815 1444 3898 judicu
1464 3816 1580 3894 rtrum,
1601 3817 1731 3898 pudeo.
1773 3817 1937 3886 Praeterea
1954 3819 2112 3888 historiam
2175 3841 2182 3870 ²

448 3942 479 4006 ai
495 3939 687 4022 respiciens,
709 3937 849 3998 Cassium
865 3933 1015 3996 Severum
1031 3951 1069 3996 eo
1082 3935 1222 4014 tempore
1236 3953 1299 4014 quo
1312 3933 1373 3996 bac
1388 3933 1675 4015 Cormenamiptum
1688 3953 1758 3996 ease
1773 3935 1962 4014 arbitramur,
1983 3959 2112 4021 pueram

392 4063 395 4073 '
447 4061 501 4120 aut
512 4056 561 4118 rix
573 4053 835 4117 adulescentulum
846 4051 956 4126 tuisse,
975 4070 1166 4133 magnacum
1179 4025 1317 4116 veritatis
1336 4051 1440 4133 specie
1452 4069 1615 4132 possumus
1627 4051 1792 4118 affirmare.
1833 4053 1910 4118 Nam
1923 4055 2112 4140 Hieronymo
2195 4137 2199 4142 Ι

447 4181 574 4242 rosim
588 4175 621 4236 in
635 4172 762 4234 Eusebii
777 4169 922 4232 Cbmoic.
946 4165 1020 4252 (iod.
1035 4169 1114 4249 Aug.
1127 4169 1207 4250 Maji
1220 4165 1338 4233 Romae
1351 4167 1446 4232 1866.
1457 4186 1488 4248 p.
1501 4164 1594 4251 614.)
1617 4170 1656 4233 ad
1670 4191 1697 4232 a.
1711 4172 1784 4252 imp.
1800 4171 1919 4234 Tiberii
1936 4173 2112 4244 viterimum

444 4291 596 4372 „caseus
610 4288 744 4352 Seuerus
763 4295 871 4351 orator
885 4290 1033 4370 egregius
1045 4317 1088 4336 -
1101 4285 1205 4348 XXV.
1221 4287 1311 4350 erilis·
1326 4287 1379 4348 οιιι·
1390 4303 1473 4348 cono
1486 4287 1519 4348 ιἰι
1535 4305 1656 4350 summo
1670 4291 1775 4372 inopie
1788 4289 1930 4368 moritur,
1942 4293 1996 4354 cir
2003 4315 2112 4376 pam

445 4409 583 4474 orrenda
597 4409 789 4472 contectaa.“
822 4409 905 4488 quod
920 4408 1015 4490 igitar
1027 4405 1141 4470 iactum
1155 4409 1245 4466 esta.
1259 4425 1290 4466 ιι.
1303 4397 1379 4466 186.
1422 4404 1630 4470 consensuro
1643 4408 1676 4468 in
1691 4407 1782 4474 esitio
1794 4409 1839 4473 aii
1852 4407 1981 4474 Tacitus
1990 4411 2047 4491 iv,
2058 4413 2112 4492 21,

445 4527 565 4605 Quodsi
580 4527 612 4588 in
625 4527 678 4588 toli
692 4526 938 4588 mireriaannum
952 4525 1060 4587 aetatis
1072 4523 1126 4586 16.
1138 4523 1250 4606 attigit,
1272 4522 1355 4604 quod
1375 4541 1516 4603 magnum
1535 4529 1603 4598 est,
1623 4530 1709 4588 certe
1724 4535 1749 4586 a.
1770 4525 1844 4589 116.
1867 4547 1928 4608 quo
1947 4529 2014 4593 iere
2032 4531 2111 4598 bana

444 4643 593 4724 Eulogam
606 4647 801 4724 compositam
813 4644 989 4718 statuimus,
1011 4641 1116 4704 decem
1128 4661 1278 4704 annorum
1293 4641 1423 4722 primum
1438 4658 1516 4722 puer
1529 4639 1598 4702 laub.
1641 4639 1706 4704 Noc
1721 4661 1794 4706 vcro
1810 4645 1837 4707 si
1853 4649 1921 4725 quis
1936 4667 2005 4710 cum
2019 4670 2111 4731 prae·

444 4767 495 4823 ter
507 4777 626 4822 omnem
644 4763 710 4820 veri
723 4763 858 4842 speciem
871 4761 1054 4822 vicenarium
1068 4760 1149 4820 circa
1162 4759 1239 4820 illud
1253 4765 1375 4838 tempus
1388 4757 1492 4820 iacere
1504 4759 1587 4834 velit,
1609 4759 1692 4821 cives
1705 4777 1778 4824 suoa
1787 4764 1851 4844 jam
1864 4769 1929 4826 turo
1940 4765 2110 4842 maledictis

443 4875 702 4962 praecinctoria,
710 4878 855 4940 credibile
865 4877 913 4952 lit,
925 4896 984 4960 per
991 4881 1073 4940 totos
1086 4876 1285 4958 quadraginta
1298 4893 1393 4938 annos
1407 4877 1613 4958 imponebam
1625 4877 1760 4942 convicia
1771 4881 1803 4942 in
1815 4881 1954 4944 homiues
1965 4886 2113 4966 jactasse,

442 4999 545 5067 donce
564 4995 684 5058 tandem
697 5015 725 5062 a.
738 4995 812 5068 161.
827 4993 917 5074 (Tac
927 4995 1005 5056 Ann.
1021 4995 1053 5070 1,
1067 4991 1135 5074 12.)
1158 5014 1176 5055 ι
1190 4993 1314 5070 Senatu,
1335 4994 1467 5076 Augusti
1480 5001 1599 5078 rogato,
1618 4996 1653 5060 iu
1666 4997 1801 5062 exsilium
1815 5003 1901 5061 actua
1915 5001 1964 5078 rit,
2007 5003 2051 5067 Ut
2063 5011 2109 5067 ta·

444 5133 532 5178 raam
552 5115 697 5196 poetae
716 5089 1147 5178 nomeubuiccasaioSerero
1159 5111 1523 5198 aSclroliaalcpcrpcram
1531 5113 1689 5193 ubuum,
1704 5135 1795 5200 quem
1811 5123 2005 5186 oratorem
2018 5124 2109 5188 modo

445 5233 613 5314 antiquitas
633 5233 762 5297 noverit.
