4804 5974
1227 391 1348 504 ...Q

454 591 602 688 „lectum
618 607 713 668 totam
726 603 809 668 illam
820 597 992 685 tadonem,
1006 616 1067 681 qva
1075 596 1112 664 in
1128 597 1282 666 uuam
1295 599 1485 684 usuum
1496 605 1642 696 mihin
1651 605 1833 680 lterebvdsil
1842 594 2127 691 {induemini

355 765 364 772 ,
455 701 545 772 „tum
562 694 683 754 omnino
697 697 833 771 pacatam
846 697 878 750 et
891 687 1036 750 militibus
1049 704 1191 761 vacuama
1213 687 1253 749 de
1266 689 1500 770 quibusutique
1512 690 1733 772 nou'ailuiaaet,
1752 698 1781 760 al
1800 718 1878 780 quos
1897 688 1955 782 p'er
1976 705 2123 772 viamoee,

349 793 352 802 ι
538 781 546 796 ·
626 781 648 812 ct
756 777 765 794 ⁹
780 777 788 794 ⁸
849 775 857 792 ⁸
1542 775 1549 794 ⁸
1969 789 1976 804 ·
2084 789 2092 806 ι

455 785 625 937 utilit?
632 776 1112 938 „0llllllt1tsstil0ul
1122 772 1163 917 {i
1166 774 1390 921 illidii?
1394 776 1537 922 lulli
1540 779 2007 948 'stttztut‘lltlutlt
2018 808 2128 936 tulf

455 947 567 1012 dislum
581 953 666 1007 totus
681 945 815 1006 Gallicus
830 933 981 1004 exercitiis
994 959 1062 1002 cum
1077 941 1168 1003 classi
1175 941 1318 1028 ilaveriua
1330 963 1368 1004 eo
1382 944 1513 1007 deducta
1528 953 1595 1008 erat
1608 957 1819 1030 congregatus.
1847 947 2124 1036 sedupud'lloraf·

455 1039 533 1097 tium
547 1032 674 1113 pacilica
691 1031 791 1104 omnia
804 1034 837 1089 et
848 1029 886 1088 ab
900 1045 1005 1090 rerum
1016 1026 1096 1088 iacie
1108 1027 1232 1088 militari
1243 1027 1610 1110 turbulentaque,·quills
1624 1033 1680 1094 illo
1694 1041 1842 1116 tempore,
1857 1041 1941 1118 qnod
1956 1040 2123 1106 Messalina

457 1121 527 1202 p'us
541 1115 696 1196 intelligit,
709 1115 772 1174 illia
788 1114 820 1174 io
830 1113 909 1174 locla
925 1117 1003 1187 erat,
1018 1129 1143 1192 prorsus
1156 1114 1293 1187 diverasq
1312 1115 1348 1178 in
1357 1133 1449 1194 quum
1460 1116 1487 1179 al
1502 1133 1572 1178 cum
1582 1120 1744 1182 comitibus
1760 1120 1824 1186 aaa
1839 1123 1985 1188 liusttiru
1997 1127 2122 1188 inoidl'se

458 1210 518 1294 aet,
536 1203 668 1264 silentio
679 1199 851 1281 praeterire
869 1215 931 1262 non
951 1201 1084 1278 poterat,
1104 1217 1173 1262 curo
1193 1199 1504 1282 praesertimlargior
1522 1201 1595 1284 iude
1614 1202 1795 1282 uceuqum
1807 1211 1935 1288 mqtqrjq
1948 1211 2015 1284 elqe
2029 1211 2129 1288 dublo

425 1289 685 1450 ..auppqtqqqque
699 1367 922 1449 wesselingius
934 1372 1020 1428 recte
1037 1366 1158 1446 quidem
1174 1370 1279 1430 contra
1292 1363 1470 1430 Massonum
1493 1387 1531 1430 ex
1549 1369 1624 1450 ipsis
1637 1371 1773 1456 liclogac
1794 1335 1919 1464 nostiae
1939 1377 2041 1441 verbis
2061 1365 2124 1449 riou

460 1464 615 1528 autumno,
632 1455 688 1516 sed
700 1473 794 1516 verno
809 1460 947 1534 ternpore
961 1451 1037 1513 illud
1050 1455 1111 1513 lter
1126 1471 1196 1514 esse
1208 1453 1322 1514 iactum
1335 1453 1474 1534 probavit
1488 1449 1588 1535 (quod
1600 1455 1764 1538 praecipue
1778 1467 1862 1540 patet
1878 1479 1936 1525 ev.
1953 1464 2005 1528 ll.
2018 1460 2125 1538 „Moli

459 1543 573 1606 cvtlioes
586 1559 743 1622 ranaeque
752 1540 914 1621 polvcalrca
929 1543 1078 1599 wertunt
1089 1535 1268 1622 sovnnoa‘i)=
1291 1538 1346 1599 sed
1367 1539 1399 1600 iu
1421 1555 1461 1600 eo
1481 1543 1611 1616 erravit,
1635 1544 1718 1622 quod
1738 1544 1903 1606 Acunum
1923 1548 1978 1609 illo
2000 1551 2124 1627 quilem

458 1645 538 1692 auno
552 1629 609 1690 sub
622 1629 704 1686 veris
717 1627 804 1686 lnltla
821 1624 1015 1685 andlaium
1030 1625 1151 1686 venisse
1164 1623 1296 1704 Appiani
1310 1624 1498 1687 ceunomo,
1503 1627 1627 1705 probari
1639 1631 1839 1708 putatquad
1854 1646 2002 1710 numquam
2014 1641 2123 1696 esame

459 1713 637 1793 Insequenti
653 1711 776 1790 quidem
791 1711 869 1772 auno
882 1709 955 1770 tlt.
969 1728 1000 1769 u.
1014 1727 1042 1772 o.
1056 1708 1137 1771 veris
1154 1709 1241 1770 initio
1256 1728 1327 1779 eum
1337 1709 1369 1770 in
1384 1707 1500 1770 ltaliam
1514 1711 1634 1774 venisse
1647 1714 1803 1794 Appiauus
1824 1715 1917 1778 tradit
1935 1719 2032 1778 est.
2060 1717 2124 1783 Sed

458 1799 512 1864 iilo
527 1818 596 1860 eum
623 1816 701 1858 auno
715 1801 908 1856 tammsture
921 1793 1115 1854 Brundisium
1133 1795 1253 1856 venisse
1273 1811 1380 1872 parum
1398 1795 1564 1858 verisimile
1584 1801 1649 1871 est,
1674 1799 1756 1879 quod
1776 1805 1935 1878 antequam
1956 1802 2122 1866 Antonium

461 1883 577 1946 caesar
584 1882 752 1958 arcessivit,
759 1879 829 1942 Sex.
838 1875 1004 1962 Pompejus
1010 1877 1124 1942 bellum
1132 1879 1325 1955 maritimum,
1337 1879 1370 1940 id
1378 1877 1461 1958 quod
1468 1899 1541 1942 vere
1549 1881 1653 1944 adulto
1668 1883 1788 1946 demum
1802 1884 1872 1947 fleri
1884 1887 1997 1967 potuit,
2010 1889 2123 1952 dudum

518 1971 582 2030 'nte
637 1970 732 2029 verat.
1280 2003 1283 2013 ·
2112 1982 2117 1993 ·

313 2111 317 2122 ,
401 1970 526 2112 illm¹¹
546 1987 804 2134 nffirgumentu
816 2053 978 2130 postquam
995 2045 1070 2110 salis
1083 2049 1245 2131 probatum
1259 2065 1330 2110 esse
1344 2046 1476 2124 videtur,
1490 2065 1552 2112 non
1569 2051 1600 2112 ln
1620 2069 1731 2120 annum
1744 2053 1817 2116 'tle
1844 2059 1877 2116 et
1896 2073 1988 2136 aspra
2010 2055 2123 2120 dietam

457 2140 651 2210 ,amalonem
663 2139 724 2198 iter
737 2135 814 2198 illud
829 2135 1045 2196 Brundisinum
1058 2134 1180 2197 Horatii
1192 2153 1286 2214 posse
1298 2133 1442 2209 conferri,
1456 2141 1556 2197 nutat
1569 2141 1603 2196 ut
1615 2138 1653 2198 ad
1668 2157 1697 2198 a.
1707 2138 1782 2200 vlt.
1794 2139 1992 2220 foederisque
2003 2141 2122 2204 Tarsia*
2187 2183 2190 2188 -

459 2227 517 2287 tini
530 2229 652 2304 tempus
666 2221 742 2284 illud
757 2222 877 2282 omnino
893 2220 1056 2280 convenire
1068 2220 1272 2282 ostendamus.
1294 2218 1407 2280 Caesar
1419 2219 1500 2281 enim
1523 2239 1582 2300 per
1598 2227 1746 2286 aestatem
1764 2226 1942 2304 superiarlq
1956 2227 2025 2298 aqui
2046 2227 2122 2298 τω,

457 2311 595 2390 lugentia
606 2308 712 2368 damna
725 2308 757 2368 in
769 2305 852 2370 bello
866 2305 1018 2368 maritimo
1032 2311 1138 2366 contu
1152 2304 1224 2366 Ser.
1236 2303 1415 2384 Pompejum
1428 2322 1607 2386 perpessus,
1625 2310 1864 2387 cummarimam
1880 2311 2124 2394 dmiaaperten

460 2395 551 2458 simul
566 2413 632 2454 curn
645 2392 749 2453 multis
764 2393 862 2472 copiis
878 2392 958 2451 circe
973 2389 1144 2468 Scyllaeum
1162 2386 1403 2470 promontorium
1425 2396 1489 2450 trun
1510 2381 1656 2472 procellis
1677 2374 1785 2456 tum'vi
1802 2393 1909 2478 hostili
1927 2383 2124 2499 perdidisset?

459 2479 492 2541 in
506 2478 631 2537 summis
643 2493 746 2536 rerum
759 2491 880 2533 arrarum
894 2475 1044 2550 anfflrstlla
1053 2473 1264 2535 Maecenatem
1280 2473 1317 2533 ad
1327 2474 1490 2536 Antonium
1502 2477 1636 2553 miserat,
1648 2466 1702 2556 q'ui
1714 2473 1805 2538 mbdb
1819 2485 1902 2558 ortae
1912 2473 2123 2555 interutrum·

462 2581 523 2644 que
536 2560 758 2622 controversias
772 2563 805 2618 'et
818 2556 987 2619 simultates
999 2563 1207 2636 componeret,
1220 2559 1368 2633 illamque
1381 2560 1409 2616 at
1421 2559 1492 2616 tlerl
1509 2559 1693 2638 posset,¹ad
1713 2563 1787 2620 belli
1807 2563 1982 2624 soclelltun
2002 2565 2121 2641 pectre

460 2650 553 2712 beret
566 2640 846 2726 (Appiau.V,il2.).
867 2641 993 2702 lnecmte
1010 2657 1084 2714 vere
1105 2642 1263 2720 sequeutia
1281 2641 1351 2701 anui
1366 2640 1442 2701 tlt.
1462 2627 1665 2723 (ἀρχομένου
1684 2629 1814 2726 δ’ἧρος.
1844 2645 2033 2725 Δμρίιιι.”ν,
2044 2647 2122 2710 stu

460 2732 613 2796 Antonius
627 2727 757 2790 Athenio
771 2745 839 2788 cum
852 2725 998 2790 merentis
1011 2726 1135 2786 navibus
1147 2727 1179 2786 lu
1193 2725 1309 2785 ltaliam
1321 2725 1416 2799 venit,
1437 2725 1614 2786 societatem
1629 2725 1750 2806 quidem
1771 2728 1844 2790 belli
1861 2737 1971 2792 contre
1990 2731 2122 2812 Pompo

458 2819 527 2900 jum
563 2815 669 2877 eraudi
684 2813 898 2893 praetendens,
911 2809 967 2871 sed
978 2829 1015 2872 re
1027 2829 1099 2873 vera
1112 2809 1208 2890 magia
1222 2808 1400 2888 speculandi
1413 2828 1503 2869 causa
1517 2828 1608 2888 quam
1629 2812 1738 2892 agendi
1750 2813 1870 2888 aderat,
1891 2822 1925 2876 ut
1945 2815 2004 2888 llio
2073 2821 2123 2908 ert

383 2971 390 2982 ,
463 2901 502 2966 L.
514 2837 653 2974 xivlll
666 2899 719 2960 ol.
741 2896 817 2958 Nam
832 2903 963 2973 uterque
975 2895 1104 2956 alterum
1118 2899 1293 2972 suspectum
1308 2893 1422 2954 babens
1436 2913 1539 2987 cemus
1554 2895 1731 2957 criminandi
1745 2891 1888 2975 quasdam
1896 2818 2120 2988 *recunditur

462 2983 559 3050 tarch.
570 2983 682 3046 linton.
698 3002 724 3044 c.
739 2979 791 3044 85.
820 2969 959 3056 ,Αὐτὸς
972 2973 1010 3041 δὲ
1024 2968 1131 3038 πάλιν
1142 2967 1180 3038 ἔκ
1195 2993 1295 3037 τινων
1311 2971 1481 3057 διαβολῶν
1493 2973 1722 3060 παροξυνθεὶς
1733 2976 1823 3066 ’πρὸς
1836 2977 2006 3067 Kadoupoi,
2023 2979 2121 3049 venei

461 3173 572 3218 versus
586 3171 708 3216 cursum
754 3170 771 3211 r
835 3193 844 3224 ,
861 3169 871 3208 r
1402 3167 1416 3220 ,3
1697 3169 1745 3212 nas
1755 3171 1827 3214 ‚noa
1876 3170 1993 3218 carme
2049 3173 2065 3216 r

463 3248 529 3304 tum
543 3239 670 3302 classem
683 3235 871 3314 circumegit,
883 3235 989 3311 ibique
1001 3233 1114 3296 diutina
1126 3237 1329 3293 commoratus
1344 3237 1402 3292 est.
1423 3231 1500 3294 Nam
1515 3231 1630 3296 caesar
1643 3236 1795 3310 nonnullis
1810 3239 1902 3303 rebus
1916 3239 2025 3304 lanatis
2040 3261 2122 3322 quaa

465 3325 650 3402 intereaipai
659 3325 831 3393 evenerant,
846 3317 955 3390 elatas,
963 3321 995 3376 et
1001 3315 1289 3393 Antonioimprimis
1295 3321 1423 3394 propter
1429 3336 1518 3396 opem
1532 3321 1693 3396 superiore
1707 3326 1826 3389 aestate
1837 3323 2121 3410 inl’ompejumnon

462 3409 641 3494 praestitam
655 3421 848 3474 succensens,
860 3419 921 3460 nou
933 3401 1003 3479 ipse
1017 3400 1118 3460 atatim
1132 3399 1311 3477 comperuit,
1324 3399 1379 3460 sed
1393 3416 1450 3477 per
1463 3398 1668 3461 internuncios
1683 3421 1776 3481 ageos
1796 3399 1937 3468 auxilium
1958 3409 2015 3470 sibi
2035 3411 2120 3472 obla·

352 3503 363 3520 ¹
464 3501 532 3557 tum
547 3492 645 3574 primo
660 3491 800 3568 tempore
813 3486 890 3547 adeo
902 3481 1083 3545 detrectavit
1096 3477 1240 3565 (Appias.
1254 3481 1275 3541 l.
1294 3476 1337 3563 e.)
1352 3487 1385 3542 et
1396 3479 1840 3550 iruatraeoudltioniilua'ultro
1862 3481 2001 3570 citroque
2016 3495 2120 3575 perie-

464 3579 570 3646 aenou
584 3581 616 3638 et
628 3573 776 3656 agitandis
787 3575 911 3650 tempus
924 3569 1091 3644 terebatur,
1112 3568 1210 3628 donec
1222 3567 1343 3628 taudem
1358 3567 1481 3632 Octavia
1494 3569 1576 3648 ipsa,
1594 3569 1747 3650 'adjurastit
1760 3567 1819 3634 sini
1832 3574 2013 3639 Mseeena'te
2026 3581 2122 3660 atqn'e

394 3695 397 3704 ·
464 3665 613 3746 Agrippa,
626 3662 665 3722 ad
680 3660 842 3722 caesarem
855 3654 995 3737 proiecta
1008 3659 1067 3729 eat,
1085 3671 1176 3732 quern
1188 3653 1305 3714 obviam
1317 3652 1378 3713 sibi
1392 3653 1563 3716 venialem
1578 3656 1610 3716 in
1628 3656 1739 3721 itinere
1750 3658 1956 3738 deprehendit
1972 3661 2120 3728 etmulili

487 3751 618 3818 renibus,
629 3752 667 3807 ut
682 3764 750 3807 cum
766 3741 900 3805 Antonio
910 3742 943 3803 iu
955 3740 1142 3819 colloquium
1157 3725 1287 3812 vellicet,
1301 3739 1461 3817 permovit.
1480 3737 1545 3800 Sed
1560 3743 1694 3821 quamvia
1709 3743 1804 3814 emico
1815 3745 1897 3808 inter
1907 3745 2120 3822 Tmolum&

374 3823 379 3828 ’
464 3769 679 3914 dletapootum
694 3829 871 3892 seinvicem
886 3827 1089 3907 excepissent,
1110 3829 1226 3887 netum
1248 3824 1371 3902 quidem
1392 3823 1650 3886 criminationibus
1668 3828 1751 3890 iuter
1768 3834 1932 3912 utrumque
1948 3835 2121 3902 abstentum

465 3920 605 4018 estqllio
617 3913 841 4018 stimuum:
849 3903 961 4014 „lipia
972 3904 1010 3973 dd
1024 3897 1047 3996 ἢ
1060 3896 1232 4010 ᾇποπλεῖἴ
1250 3896 1355 4023 ua'qrdq
1389 3927 1431 3969 sc.
1453 3895 1714 4031 qdv‘qincdvvov)
1738 3899 1922 3996 ᾐτιάσαντο
1939 3903 2115 4002 ἇῑλήλουξ,

466 3995 1036 4160 stitit{tltlltu‘tltt
1049 3981 1562 4159 iltuittlltdlltu.
1578 3993 2118 4158 iiiiilitf'l'ile‘llilt

466 4175 581 4238 milites
592 4172 631 4234 ad
644 4170 819 4233 Parthicum
831 4165 945 4228 bellum
958 4164 1153 4228 wocederet.
1171 4161 1413 4247 Prorogatoaibl
1425 4162 1557 4226 invicem
1573 4165 1606 4227 ia
1625 4168 1864 4247 quinquennium
1880 4169 2070 4237 triumviratu
2084 4175 2119 4242 ln

767 4255 832 4315 iesu
855 4257 879 4314 t.
1136 4253 1139 4260 '
1457 4285 1462 4302 ι
1703 4299 1707 4312 .
1784 4300 1786 4309 ,
1887 4296 1889 4307 .
2038 4251 2040 4256 ’
2105 4304 2109 4315 ,

411 4255 865 4422 11.αἰηῖ1·ῐῖιοιιῖθι;ῗιιέμεέο
877 4337 1039 4414 convenire
1050 4335 1186 4398 videmus
1200 4333 1239 4399 ad
1249 4333 1438 4401 Maecenatis
1450 4339 1543 4422 atque
1556 4313 1683 4417 (loeceji
1694 4327 1885 4422 ¹legationem
1903 4341 1942 4403 ad
1954 4324 2117 4427 Antonium

470 4431 557 4494 uobis
572 4427 765 4511 probandam.
786 4425 941 4486 Habemus
953 4425 1083 4504 primum
1097 4421 1241 4482 alienatos
1255 4422 1390 4484 interae
1410 4416 1534 4482 Antbnil
1549 4420 1752 4503 Caesarisque
1769 4425 1894 4504 animos,
1914 4425 2060 4505 habemus
2074 4431 2117 4492 si·

470 4515 613 4578 multatea
627 4521 658 4576 et
670 4511 903 4585 criminationes,
919 4509 1028 4588 quibus
1040 4505 1242 4568 dissolvendis
1256 4513 1287 4568 et
1299 4507 1449 4570 diluendis
1462 4505 1593 4568 fidorum
1607 4507 1684 4588 opus
1692 4515 1757 4570 erat
1764 4512 1927 4574 amicorum
1933 4515 2116 4592 interventu,

470 4599 657 4662 Maecenatis
669 4597 817 4678 imprimis
831 4601 863 4657 et
875 4593 1010 4676 cocceji,
1023 4592 1147 4674 utrique
1160 4593 1351 4669 commeari,
1371 4593 1462 4673 cujus
1475 4593 1639 4673 utriusque
1650 4612 1746 4673 opera
1763 4613 1863 4676 nuper
1876 4597 1907 4657 iu
1922 4617 1998 4678 pace
2011 4602 2116 4662 hun-

470 4685 569 4747 diaiaa
582 4683 703 4744 inerant
716 4683 782 4756 aai3
800 4679 988 4743 Maecenatis
1002 4677 1079 4739 adeo
1092 4697 1205 4760 paucos
1218 4683 1288 4739 ante
1299 4695 1419 4740 menses
1435 4697 1453 4738 a
1469 4677 1601 4740 caesare
1613 4679 1651 4738 ad
1666 4681 1830 4742 Antonium
1844 4681 1949 4762 legati,
1969 4687 2031 4762 qui·
2059 4685 2115 4746 nl*

436 4811 440 4818 -
471 4771 544 4833 alem
555 4787 700 4844 „aversos
714 4767 822 4828 soliti⁸
833 4766 955 4828 fueruat
966 4783 1173 4844 „componere
1187 4764 1330 4825 amieos.“
1351 4763 1507 4824 ilabemus
1518 4763 1630 4830 dende
1641 4781 1765 4828 verarum
1777 4705 2117 4847 teurpusioipaecpjsou

471 4853 537 4938 δ’ῆ(
547 4853 636 4931 ος.)ε-
652 4852 797 4914 bcbemus
810 4870 904 4932 porro
916 4849 1131 4914 uecmaitatem
1143 4849 1304 4930 legationis
1323 4849 1495 4910 ailaesaria
1506 4853 1596 4930 parte
1614 4849 1652 4912 ad
1664 4849 1828 4916 notorum
1843 4851 2017 4936 mittaqplaq,
2035 4874 2112 4933 quo·

470 4943 547 5004 niam
561 4939 630 5020 ipae
642 4955 790 5020 apparere
800 4936 917 5019 polluite
935 4935 1082 4996 babemus
1094 4941 1233 5017 pacatum
1246 4935 1318 5007 iter,
1330 4933 1416 4995 ltalia
1430 4953 1490 4996 neu
1503 4935 1595 4996 armis
1613 4939 1645 4994 et
1664 4935 1775 4998 bellico
1790 4943 1950 5019 apparatu,
1966 4944 2001 4998 ut
2014 4939 2045 5000 iu
2059 4958 2112 5030 sqq·

471 5028 595 5108 periore
607 5042 695 5097 anuo,
710 5022 847 5082 turbata:
868 5039 926 5082 uec
937 5017 1065 5081 difficile
1077 5026 1230 5100 putamus,
1243 5017 1447 5084 dubitationes
1461 5023 1494 5088 el
1512 5019 1707 5118 difficillimus
1719 5041 1739 5088 s
1751 5013 1959 5116 Wesseliupip
1977 5017 2114 5136 objeesst

468 5112 581 5177 tollere
598 5116 631 5174 et
644 5109 773 5186 diacre,
793 5099 1176 5190 quodetiaci'amuauobia
1188 5097 1339 5190 reliquum
1349 5109 1411 5171 eat.
1506 5113 1511 5122 '
1585 5108 1590 5138 ²
