4804 5974
1094 411 1216 464 ‘'⁸5¹''

325 545 365 612 ii.
386 545 426 611 de
445 535 544 612 Vario
562 563 594 627 p.
614 545 646 609 d.
666 539 758 626 hujus
784 539 925 622 ilciogas
947 521 1199 620 compositionem
1225 535 1264 601 ad
1290 534 1422 600 hiemem
1442 551 1469 598 u
1497 530 1669 597 tui-lo.
1697 533 1842 615 illudque·
1862 535 1984 613 tempos
2097 496 2100 511 Δ

324 664 490 740 celerent,
524 682 585 745 qno
606 667 680 744 post
701 660 828 742 primam
849 678 919 723 cum
938 657 1121 722 numerate
1141 655 1389 742 congressionem
1415 655 1509 736 poita
1536 653 1668 716 nondum
1695 655 1728 716 in
1756 654 1824 735 ejus
1852 667 1982 714 consue·

322 781 460 846 tudinem
480 781 630 842 admissus
650 779 771 840 inisset.
1578 763 1580 768 ’

406 897 533 960 Etenim
553 873 582 958 ii
602 895 694 976 primi
714 894 813 957 aditus
835 890 1074 972 descriptionem
1094 861 1225 972 legimni
1247 889 1311 953 Sat.
1332 887 1357 964 Ι,
1379 891 1411 966 o,
1432 887 1483 950 bil.
1505 905 1574 968 sqq.
1602 885 1672 964 „Ut
1692 889 1764 950 cani
1782 905 1897 962 coraus,
1918 885 1982 946 οἰο-
2010 886 2042 950 8.

321 1015 439 1096 guttim
447 1031 555 1095 possea
568 1015 711 1087 locuturi
730 1011 840 1090 besana
852 1028 987 1090 nomque
995 1007 1100 1090 pudor
1108 1007 1294 1090 pdolilcdot
1311 1008 1408 1086 pium
1427 1006 1568 1084 profari:
1584 1037 1628 1082 τ
1648 1004 1825 1087 rependes,
1854 1009 1892 1065 ut
1909 1010 1984 1063 tuos

322 1137 371 1192 est
386 1150 462 1208 mos,
478 1129 606 1192 Paucos
622 1128 708 1204 uico,
722 1135 755 1190 st
768 1117 894 1189 recoca'a
903 1097 1073 1204 canopos!
1091 1145 1206 1202 mma,
1217 1125 1371 1206 jubesque
1389 1123 1470 1185 Esse
1490 1125 1523 1184 ito
1547 1124 1717 1184 amisorum
1730 1121 1898 1184 numeror“
1919 1121 1985 1183 t'uiu
2029 1163 2037 1178 ,

280 1312 302 1340 Ι,
323 1265 414 1328 quam
434 1267 560 1328 parcum
580 1247 742 1308 resbomom
760 1246 935 1324 mentisque
955 1241 1120 1305 celsiorem
1140 1241 1303 1306 Maecenas
1324 1263 1343 1304 a
1363 1241 1584 1334 taciturnitate!
1598 1208 1724 1302 nobilis⁵
1738 1239 1880 1321 (Sueten.
1901 1236 1983 1317 Aug.
2117 1325 2120 1331 Ι

321 1381 351 1426 a.
371 1359 440 1448 oo.)
462 1365 592 1444 punam
613 1363 792 1424 sumnus·
812 1380 847 1424 se
867 1361 1066 1441 praeurens,
1089 1360 1144 1440 qus
1165 1359 1355 1440 importunos
1376 1359 1467 1420 neue
1488 1359 1662 1420 ostenaet
1674 1337 1861 1441 (gisseni
1875 1355 1984 1417 auom

318 1479 576 1564 primiacus*
595 1479 659 1542 Sat.
670 1481 704 1556 9,
717 1475 804 1564 bil.)c
826 1483 891 1540 tum
913 1484 1024 1558 quanta
1045 1495 1115 1539 cum
1136 1479 1287 1554 motione,
1309 1477 1428 1559 pudore
1456 1481 1488 1538 et
1515 1477 1664 1550 modestia
1694 1478 1787 1558 poita
1815 1477 1920 1536 noster
1950 1471 1983 1534 in

322 1599 493 1679 principem
514 1597 611 1659 virum
632 1597 734 1678 prlmo
755 1599 907 1659 consentu
928 1613 963 1658 se
984 1595 1132 1677 gesserit,
1159 1593 1251 1657 isclic
1277 1595 1549 1656 animadvertimus.
1598 1593 1689 1658 lione
1718 1609 1793 1675 ergo
1823 1595 1895 1672 post
1916 1587 1982 1670 prl'·

210 1781 214 1791 ⁴
321 1733 405 1778 sunm
427 1715 527 1776 statim
548 1731 765 1794 congressum,
791 1733 861 1777 cum
888 1711 974 1776 nulio
1002 1712 1094 1774 etiam
1122 1717 1188 1775 tum
1214 1713 1442 1776 consuetudinis
1472 1717 1567 1791 atqua
1597 1711 1745 1774 amicitiae
1772 1709 1891 1771 uinculo
1913 1725 1983 1768 cum

321 1831 388 1893 siro
409 1829 521 1892 illustri
541 1831 704 1912 colligatus
725 1835 818 1907 esset,
839 1830 872 1893 ln
892 1831 1026 1892 carmine
1053 1849 1089 1893 sc
1116 1831 1185 1914 ejus
1213 1830 1492 1920 amicum,pnliliea
1516 1829 1673 1892 venditare
1695 1835 1748 1891 aut
1776 1833 1862 1890 certe
1889 1823 1983 1887 salem

322 1966 359 2012 se
380 1953 544 2023 outcome,
567 1949 621 2028 qul
643 1949 723 2010 omni
744 1955 885 2029 tempore
904 1925 954 2012 rei
975 1949 1133 2010 invocatus
1155 1967 1224 2010 enm
1244 1949 1331 2010 adire
1352 1953 1384 2010 et
1404 1945 1539 2028 negotiis
1569 1946 1740 2006 districtum
1768 1951 1862 2023 atque
1890 1959 1982 2003 occu·

321 2059 429 2148 patum
446 2043 643 2144 interpellare
664 2071 801 2146 cuperet,
822 2067 1004 2128 terrenitatis
1025 2071 1125 2144 atquc
1136 2065 1320 2130 insolentiae
1339 2063 1422 2126 iuret
1442 2071 1474 2126 et
1495 2064 1531 2124 ab
1558 2062 1683 2123 bomine
1710 2069 1773 2124 tam
1795 2055 1912 2122 subacti
1928 2059 1982 2140 ju-

322 2181 401 2246 dicii
417 2165 498 2261 quali
519 2179 666 2244 Horatius
687 2181 758 2256 fuit,
779 2199 907 2262 prorsus
929 2181 1046 2244 aliem
1067 2186 1099 2242 et
1124 2180 1265 2261 proiecto
1293 2181 1417 2242 minime
1442 2179 1544 2241 iscus
1572 2180 1613 2240 sd
1639 2178 1826 2242 Maecenatis
1855 2176 1983 2258 gratiam

323 2299 354 2362 ci
375 2297 603 2362 conciliandam.
645 2297 732 2360 liaeo
752 2301 788 2360 ut
808 2298 966 2377 smiberet,
987 2297 1091 2360 adrdta
1112 2303 1198 2362 certe
1219 2303 1253 2360 et
1281 2297 1458 2360 continuata
1477 2297 1544 2377 jam
1564 2296 1786 2358 consuetudine
1808 2279 1886 2376 opus
1912 2291 1984 2371 itus,

323 2413 441 2480 etiamsi
461 2415 554 2477 rerba
575 2414 646 2476 illa:
668 2415 816 2492 „quonism
836 2434 887 2470 ma
905 2431 1002 2487 saepe
1015 2415 1149 2477 libentes
1160 2414 1325 2478 comum
1341 2413 1409 2489 tiit,
1432 2409 1640 2476 Maecenosr“
1669 2413 1862 2475 timiditatem
1888 2427 1982 2490 qusu-

322 2529 391 2592 dom
413 2532 506 2605 atque
526 2527 671 2588 incertam
692 2525 784 2588 etiam
804 2545 876 2588 sese
896 2527 1023 2609 gerendi
1043 2527 1192 2591 rationem
1212 2529 1344 2610 prodant
1364 2548 1434 2591 cum
1460 2531 1610 2612 longioris
1638 2550 1718 2606 usus
1740 2537 1833 2612 atque
1853 2527 1983 2590 iamilia·

321 2646 421 2710 ritulis
442 2643 626 2705 confidentia
646 2661 753 2723 parum
774 2645 1013 2708 convenientem.
1056 2645 1161 2724 Quare
1180 2646 1262 2708 houd
1290 2647 1342 2708 diu
1363 2653 1524 2727 postquam
1545 2650 1577 2710 itr
1599 2649 1764 2712 aruieorom
1786 2665 1943 2708 nurnerrun
1964 2663 1984 2704 a

322 2763 506 2826 Maecenate
524 2759 657 2822 adscitos
679 2765 736 2837 cst,
757 2759 836 2822 banc
856 2760 1003 2842 ilologam
1024 2763 1060 2826 ab
1082 2761 1214 2825 lloratio
1235 2765 1434 2844 compositam
1455 2771 1566 2827 statum.
1609 2765 1645 2827 ld
1666 2765 1790 2844 quidem
1811 2763 1868 2828 sub
1889 2762 1982 2824 flirem

322 2881 393 2944 unul
412 2878 487 2939 'ilii-
508 2879 538 2938 n:
559 2895 587 2938 ο.
607 2875 734 2952 iactum,
755 2895 837 2938 nono
857 2881 930 2956 post
948 2895 1054 2940 menae
1075 2897 1165 2957 quam
1195 2879 1237 2939 ad
1255 2879 1386 2958 primum
1414 2898 1483 2941 cum
1510 2880 1691 2942 Maecenate
1718 2881 1904 2958 colloquium
1925 2895 1981 2940 so·
2066 2951 2071 2958 ι

323 3001 410 3063 utos
431 2998 489 3069 est,
511 3007 605 3074 sopra
624 2993 764 3056 vidimus.
806 2993 888 3056 iiiuc
908 2991 1055 3076 liclogam
1076 2977 1211 3056 nostram
1241 3000 1295 3056 aut
1316 3000 1448 3059 exeunte
1477 3015 1555 3059 suno
1576 2996 1661 3072 ilus,
1690 3001 1743 3059 sut
1768 2989 1879 3078 'primis
1907 2993 1980 3058 anni

322 3115 399 3179 tlt.
418 3111 583 3188 messum,
604 3117 676 3174 aute
697 3130 786 3192 qnam
806 3114 869 3190 iter
888 3111 1100 3176 Brundisinum
1128 3112 1285 3194 ingressus
1314 3119 1380 3190 eat,
1407 3115 1553 3196 scriptam
1580 3114 1761 3196 colligimus.
1809 3113 1879 3174 Non
1901 3113 1988 3179 euim·

314 3233 441 3298 seriore
460 3232 603 3309 tempore
628 3231 832 3309 componun.
859 3247 941 3306 essm
976 3247 1045 3294 oum
1079 3229 1172 3292 edom
1206 3229 1331 3313 Tigellii
1359 3232 1490 3295 motoria
1511 3233 1657 3295 memoria
1676 3231 1745 3294 iere
1766 3230 1980 3304 obsolevisset,

320 3347 479 3434 probabile
498 3347 585 3409 uobis
605 3346 734 3408 ridetur.
769 3353 771 3360 ⁴
1927 3403 1936 3412 ,

408 3464 480 3528 Νοο·
494 3463 590 3526 rollum
610 3465 757 3545 proiecto·
779 3471 990 3547 mgnmentum
1016 3467 1061 3530 ita
1087 3465 1204 3530 iactum
1230 3465 1327 3528 videri
1353 3471 1479 3548 potent
1506 3469 1544 3530 ad
1572 3439 1761 3532 Maecenatis
1789 3469 1819 3530 cl
1850 3467 1980 3530 aninsouu
2005 3477 2047 3540 οι

322 3597 451 3668 prorsus
472 3579 691 3642 conciliandum
719 3598 898 3660 omnemque
924 3581 1120 3662 malignitatis
1150 3587 1184 3641 st
1211 3585 1295 3643 strae
1322 3582 1390 3646 bilis
1419 3585 1641 3666 suspicionem,
1671 3603 1761 3664 quam
1789 3601 1826 3644 cx
1853 3583 1980 3644 alterius

224 3741 230 3754 ·
322 3698 442 3766 Setirue
461 3693 581 3760 acerbis
600 3696 704 3760 multis
723 3715 786 3760 nou
805 3698 837 3760 iu
859 3715 895 3760 oc
914 3697 1015 3778 ipsum
1035 3697 1127 3760 modo
1148 3679 1204 3759 scd
1224 3697 1256 3760 iu
1277 3697 1356 3761 alios
1377 3718 1501 3781 qnoque
1522 3702 1669 3783 conjectis
1691 3699 1978 3766 contumeliiscou·

204 3889 208 3910 Ι
323 3818 444 3901 cepisse
463 3820 596 3896 potarat,
617 3815 739 3895 penitus
767 3814 976 3878 amoliendam.
1022 3813 1099 3876 Nam
1128 3833 1197 3876 cum
1218 3815 1251 3876 in
1269 3815 1335 3878 bac
1349 3817 1450 3880 Satin
1471 3817 1511 3880 de
1531 3817 1609 3880 mala
1630 3818 1712 3881 iuter
1732 3817 1852 3880 sodales
1875 3817 1978 3878 obtre-
2060 3903 2063 3914 .

322 3934 423 4004 dandi
444 3931 703 4012 calumniandique
723 3931 847 3994 libidine
868 3936 985 4014 ageret,
1006 3931 1285 4016 indulgentiamque
1305 3933 1338 3998 iu
1359 3933 1524 4000 levioribus
1555 3939 1721 4000 amicorum
1747 3937 1830 3998 uitiis
1852 3941 1885 3998 et
1904 3953 1978 4017 pec·

320 4055 399 4122 catis
418 4055 455 4114 ut
474 4068 580 4112 sanum
601 4051 750 4112 amicitiae
769 4045 921 4114 v'luculum
941 4050 1177 4125 commendaret,
1198 4057 1290 4131 atque
1310 4053 1450 4132 exemplo
1481 4073 1542 4133 qno
1562 4053 1740 4116 iamilieram
1762 4073 1851 4114 sunm
1872 4051 1978 4134 Virgl«

321 4173 396 4235 ilum
416 4167 526 4250 procul
546 4157 639 4230 dubii)
660 4166 824 4247 descripsit
844 4185 873 4230 r.
894 4167 1043 4230 29-84.
1066 4169 1218 4248 quomodo
1245 4169 1277 4230 iu
1293 4169 1461 4252 judicando
1483 4173 1617 4234 minores
1641 4191 1747 4266 eorum
1768 4169 1976 4250 turpitudines
2011 4196 2014 4211 ·

320 4285 485 4372 majorinus
506 4289 614 4366 tegere
634 4290 668 4347 et
689 4283 852 4349 obscurare
878 4285 1059 4350 deberunus
1086 4286 1247 4350 virtutibus
1276 4289 1471 4364 ostenderet,
1498 4291 1592 4372 poeta
1620 4289 1711 4352 suini
1737 4289 1786 4348 sul
1814 4289 1976 4351 unionem

320 4423 401 4472 noro
422 4409 553 4483 patrono
574 4404 617 4464 ita
637 4404 852 4483 comprobarit,
874 4407 909 4463 nt
925 4403 989 4484 jam
1011 4401 1051 4464 de
1072 4403 1140 4484 ejus
1159 4405 1322 4484 praecipua
1344 4405 1381 4466 ad
1402 4405 1496 4466 iidem
1526 4407 1558 4467 iu
1579 4405 1716 4466 amicitis·
1731 4405 1905 4466 servandam
1927 4407 1975 4466 in·

321 4524 393 4588 d'ole
420 4519 557 4582 dubitare
585 4535 646 4580 nou
672 4526 788 4600 posset.
837 4519 940 4598 Quare
966 4517 1044 4581 hanc
1071 4519 1217 4604 Eulogam
1239 4521 1385 4584 iloratius
1414 4526 1556 4602 tunquam
1583 4523 1755 4604 apologiam
1784 4523 1876 4586 inituc
1904 4543 1974 4586 cum
2103 4568 2113 4590 .

322 4639 499 4704 Maeceuste
518 4655 576 4700 suo
595 4635 809 4700 familiaritatis
828 4637 988 4717 scripsisse
1002 4638 1075 4720 jure
1096 4640 1310 4702 existimandus
1331 4647 1382 4701 est
1394 4637 1437 4722 *)‚

321 4785 556 4807 ...μ-ιιι·-

322 4837 537 4908 ·),Αῲοοιοιοοι
551 4833 745 4902 compositionis
758 4835 891 4888 artitlclm
901 4835 928 4888 in
940 4793 1161 4904 pracstsnilislms
1173 4837 1222 4891 bac
1234 4837 1405 4892 Satira-recta
1422 4835 1608 4906 dijudicandum
1630 4841 1763 4909 permagni
1780 4839 1860 4895 reiert
1878 4849 1907 4894 ut
1920 4840 1970 4896 ioci

388 4919 455 4973 llius
463 4917 624 4972 difficillimis.
632 4925 716 4984 19.sq.
725 4921 852 4973 sententia
865 4925 936 4972 recte
947 4920 1117 4996 percipiatur:
1133 4937 1220 4988 quarn,
1239 4923 1357 4988 quonim
1364 4929 1391 4976 et
1397 4925 1500 4990 reliquls
1507 4923 1589 4976 adbuc
1596 4925 1776 4992 interpretibus
1788 4931 1815 4976 et
1825 4925 1901 4977 nobis
1908 4926 1970 4992 ipsis

389 5012 490 5070 quoquc
504 5000 529 5055 io
545 5001 691 5062 Satiasom
702 5001 814 5060 editions
826 5015 910 5072 nopes
920 5005 1013 5058 suun
1026 5003 1110 5074 latuit,
1125 5009 1215 5075 pancb
1232 5009 1397 5078 exponereln
1410 5009 1555 5066 anlmocst
1593 5007 1688 5073 noso,
1705 5013 1845 5078 postquam
1857 5009 1882 5064 io
1897 5006 1971 5078 iujos
