<?xml version="1.0" encoding="UTF-8"?>
<!DOCTYPE html PUBLIC "-//W3C//DTD XHTML 1.0 Transitional//EN"
    "http://www.w3.org/TR/xhtml1/DTD/xhtml1-transitional.dtd">
<html xmlns="http://www.w3.org/1999/xhtml" xml:lang="en" lang="en">
 <head>
  <title>
</title>
<meta http-equiv="Content-Type" content="text/html;charset=utf-8" />
  <meta name='ocr-system' content='tesseract 3.04.00' />
  <meta name='ocr-capabilities' content='ocr_page ocr_carea ocr_par ocr_line ocrx_word'/>
</head>
<body>
  <div class='ocr_page' id='page_1' title='image "./quaestioneshora00kircgoog_0018.png"; bbox 0 0 4804 5974; ppageno 0'>
   <div class='ocr_carea' id='block_1_1' title="bbox 1036 388 1155 450">
    <p class='ocr_par' dir='ltr' id='par_1_1' title="bbox 1036 388 1155 450">
     <span class='ocr_line' id='line_1_1' title="bbox 1036 388 1155 450; baseline 0 0"><span class='ocrx_word' id='word_1_1' title='bbox 1036 427 1041 437; x_wconf 85' lang='lat'><strong>·</strong></span> <span class='ocrx_word' id='word_1_2' title='bbox 1129 388 1155 450; x_wconf 81' lang='lat' dir='ltr'><strong>&#39;i</strong></span> 
     </span>
    </p>
   </div>
   <div class='ocr_carea' id='block_1_2' title="bbox 1079 467 1203 496">
    <p class='ocr_par' dir='ltr' id='par_1_2' title="bbox 1079 467 1203 496">
     <span class='ocr_line' id='line_1_2' title="bbox 1079 467 1203 496; baseline 0 0"><span class='ocrx_word' id='word_1_3' title='bbox 1079 467 1203 496; x_wconf 68' lang='grc' dir='ltr'><strong>.”“““““Ρ</strong></span> 
     </span>
    </p>
   </div>
   <div class='ocr_carea' id='block_1_3' title="bbox 167 553 2162 4347">
    <p class='ocr_par' dir='ltr' id='par_1_3' title="bbox 307 553 2089 1746">
     <span class='ocr_line' id='line_1_3' title="bbox 307 553 1998 680; baseline 0.001 -18"><span class='ocrx_word' id='word_1_4' title='bbox 307 604 367 662; x_wconf 76' lang='lat' dir='ltr'><strong>sur</strong></span> <span class='ocrx_word' id='word_1_5' title='bbox 381 603 541 678; x_wconf 69' lang='lat' dir='ltr'><strong>nmque·</strong></span> <span class='ocrx_word' id='word_1_6' title='bbox 558 585 693 678; x_wconf 70' lang='lat' dir='ltr'><strong>queen·</strong></span> <span class='ocrx_word' id='word_1_7' title='bbox 707 553 1060 672; x_wconf 59' lang='lat' dir='ltr'><strong>erendelenorum</strong></span> <span class='ocrx_word' id='word_1_8' title='bbox 1074 583 1172 656; x_wconf 70' lang='lat' dir='ltr'><strong>emor</strong></span> <span class='ocrx_word' id='word_1_9' title='bbox 1187 583 1343 666; x_wconf 64' lang='lat' dir='ltr'><strong>nornen,</strong></span> <span class='ocrx_word' id='word_1_10' title='bbox 1363 607 1400 654; x_wconf 72' lang='lat' dir='ltr'><strong>re</strong></span> <span class='ocrx_word' id='word_1_11' title='bbox 1420 589 1486 673; x_wconf 79' lang='lat' dir='ltr'><strong>ipae</strong></span> <span class='ocrx_word' id='word_1_12' title='bbox 1506 591 1625 673; x_wconf 65' lang='lat' dir='ltr'><strong>priores</strong></span> <span class='ocrx_word' id='word_1_13' title='bbox 1639 590 1752 656; x_wconf 66' lang='lat' dir='ltr'><strong>unns</strong></span> <span class='ocrx_word' id='word_1_14' title='bbox 1765 595 1881 676; x_wconf 71' lang='lat' dir='ltr'><strong>panno</strong></span> <span class='ocrx_word' id='word_1_15' title='bbox 1895 597 1998 680; x_wconf 72' lang='lat' dir='ltr'><strong>juna·</strong></span> 
     </span>
     <span class='ocr_line' id='line_1_4' title="bbox 314 706 1975 793; baseline 0.002 -15"><span class='ocrx_word' id='word_1_16' title='bbox 314 715 490 792; x_wconf 66' lang='lat' dir='ltr'><strong>ermioniae</strong></span> <span class='ocrx_word' id='word_1_17' title='bbox 505 719 645 789; x_wconf 79' lang='lat' dir='ltr'><strong>tentatur,</strong></span> <span class='ocrx_word' id='word_1_18' title='bbox 668 713 787 782; x_wconf 85' lang='lat' dir='ltr'><strong>etiamai</strong></span> <span class='ocrx_word' id='word_1_19' title='bbox 800 709 977 775; x_wconf 86' lang='lat' dir='ltr'><strong>intabaruia</strong></span> <span class='ocrx_word' id='word_1_20' title='bbox 991 708 1148 774; x_wconf 84' lang='lat' dir='ltr'><strong>litterarlin</strong></span> <span class='ocrx_word' id='word_1_21' title='bbox 1161 711 1246 772; x_wconf 89' lang='lat' dir='ltr'><strong>baud</strong></span> <span class='ocrx_word' id='word_1_22' title='bbox 1259 713 1402 793; x_wconf 84' lang='lat' dir='ltr'><strong>prostent</strong></span> <span class='ocrx_word' id='word_1_23' title='bbox 1423 706 1467 793; x_wconf 83' lang='lat' dir='ltr'><strong>(v.</strong></span> <span class='ocrx_word' id='word_1_24' title='bbox 1480 712 1558 790; x_wconf 61' lang='grc' dir='ltr'>ιι).</span> <span class='ocrx_word' id='word_1_25' title='bbox 1602 713 1692 790; x_wconf 79' lang='lat' dir='ltr'><strong>Quod</strong></span> <span class='ocrx_word' id='word_1_26' title='bbox 1712 713 1820 776; x_wconf 83' lang='lat' dir='ltr'><strong>elarius</strong></span> <span class='ocrx_word' id='word_1_27' title='bbox 1842 715 1975 780; x_wconf 82' lang='lat' dir='ltr'><strong>elucete</strong></span> 
     </span>
     <span class='ocr_line' id='line_1_5' title="bbox 312 827 1973 922; baseline 0.002 -28"><span class='ocrx_word' id='word_1_28' title='bbox 312 851 404 898; x_wconf 65' lang='lat' dir='ltr'><strong>vanu</strong></span> <span class='ocrx_word' id='word_1_29' title='bbox 418 832 538 896; x_wconf 84' lang='lat' dir='ltr'><strong>Salinae</strong></span> <span class='ocrx_word' id='word_1_30' title='bbox 555 833 706 897; x_wconf 83' lang='lat' dir='ltr'><strong>secundae</strong></span> <span class='ocrx_word' id='word_1_31' title='bbox 716 831 769 896; x_wconf 66' lang='lat' dir='ltr'><strong>di.</strong></span> <span class='ocrx_word' id='word_1_32' title='bbox 790 829 965 906; x_wconf 67' lang='lat' dir='ltr'><strong>„Fertilior</strong></span> <span class='ocrx_word' id='word_1_33' title='bbox 978 827 1118 912; x_wconf 75' lang='lat' dir='ltr'><strong>Rufillna</strong></span> <span class='ocrx_word' id='word_1_34' title='bbox 1133 831 1208 906; x_wconf 86' lang='lat' dir='ltr'><strong>olet,</strong></span> <span class='ocrx_word' id='word_1_35' title='bbox 1232 829 1411 910; x_wconf 73' lang='lat' dir='ltr'><strong>Gergouiae</strong></span> <span class='ocrx_word' id='word_1_36' title='bbox 1423 827 1575 920; x_wconf 74' lang='lat' dir='ltr'><strong>lirnum.“</strong></span> <span class='ocrx_word' id='word_1_37' title='bbox 1597 831 1627 894; x_wconf 92' lang='lat' dir='ltr'><strong>in</strong></span> <span class='ocrx_word' id='word_1_38' title='bbox 1644 829 1743 922; x_wconf 76' lang='lat' dir='ltr'><strong>Satiru¹</strong></span> <span class='ocrx_word' id='word_1_39' title='bbox 1759 839 1865 912; x_wconf 84' lang='lat' dir='ltr'><strong>quarta</strong></span> <span class='ocrx_word' id='word_1_40' title='bbox 1877 852 1906 896; x_wconf 82' lang='lat' dir='ltr'><strong>v.</strong></span> <span class='ocrx_word' id='word_1_41' title='bbox 1921 835 1973 898; x_wconf 76' lang='grc'><strong>92.</strong></span> 
     </span>
     <span class='ocr_line' id='line_1_6' title="bbox 309 947 1975 1034; baseline 0 -18"><span class='ocrx_word' id='word_1_42' title='bbox 309 951 354 1016; x_wconf 81' lang='grc' dir='ltr'><strong>ιιι</strong></span> <span class='ocrx_word' id='word_1_43' title='bbox 365 953 499 1034; x_wconf 90' lang='lat' dir='ltr'><strong>repetito</strong></span> <span class='ocrx_word' id='word_1_44' title='bbox 514 956 547 1014; x_wconf 89' lang='lat' dir='ltr'><strong>et</strong></span> <span class='ocrx_word' id='word_1_45' title='bbox 559 950 698 1027; x_wconf 85' lang='lat' dir='ltr'><strong>deieuen,</strong></span> <span class='ocrx_word' id='word_1_46' title='bbox 718 949 849 1015; x_wconf 87' lang='lat' dir='ltr'><strong>otiliam</strong></span> <span class='ocrx_word' id='word_1_47' title='bbox 862 947 1064 1031; x_wconf 71' lang='lat' dir='ltr'><strong>{atiramjam</strong></span> <span class='ocrx_word' id='word_1_48' title='bbox 1077 954 1180 1014; x_wconf 86' lang='lat' dir='ltr'><strong>notam</strong></span> <span class='ocrx_word' id='word_1_49' title='bbox 1192 949 1274 1012; x_wconf 88' lang='lat' dir='ltr'><strong>inter</strong></span> <span class='ocrx_word' id='word_1_50' title='bbox 1285 948 1425 1010; x_wconf 81' lang='lat' dir='ltr'><strong>beminen</strong></span> <span class='ocrx_word' id='word_1_51' title='bbox 1439 949 1507 1028; x_wconf 87' lang='lat' dir='ltr'><strong>ipee</strong></span> <span class='ocrx_word' id='word_1_52' title='bbox 1519 951 1611 1028; x_wconf 78' lang='lat' dir='ltr'><strong>pnite</strong></span> <span class='ocrx_word' id='word_1_53' title='bbox 1620 949 1845 1031; x_wconf 76' lang='lat' dir='ltr'><strong>aigniiiearerit.</strong></span> <span class='ocrx_word' id='word_1_54' title='bbox 1869 952 1975 1030; x_wconf 79' lang='lat' dir='ltr'><strong>Quint</strong></span> 
     </span>
     <span class='ocr_line' id='line_1_7' title="bbox 311 1047 1971 1153; baseline -0.001 -19"><span class='ocrx_word' id='word_1_55' title='bbox 311 1071 395 1152; x_wconf 76' lang='lat' dir='ltr'><strong>qnod</strong></span> <span class='ocrx_word' id='word_1_56' title='bbox 409 1047 509 1133; x_wconf 70' lang='lat' dir='ltr'><strong>Satira</strong></span> <span class='ocrx_word' id='word_1_57' title='bbox 521 1070 637 1134; x_wconf 87' lang='lat' dir='ltr'><strong>deeima</strong></span> <span class='ocrx_word' id='word_1_58' title='bbox 650 1074 714 1134; x_wconf 89' lang='lat' dir='ltr'><strong>tuta</strong></span> <span class='ocrx_word' id='word_1_59' title='bbox 726 1073 776 1132; x_wconf 86' lang='lat' dir='ltr'><strong>eat</strong></span> <span class='ocrx_word' id='word_1_60' title='bbox 787 1067 926 1132; x_wconf 76' lang='lat' dir='ltr'><strong>detentio</strong></span> <span class='ocrx_word' id='word_1_61' title='bbox 940 1067 1059 1133; x_wconf 85' lang='lat' dir='ltr'><strong>Satiroa</strong></span> <span class='ocrx_word' id='word_1_62' title='bbox 1071 1071 1207 1147; x_wconf 82' lang='lat' dir='ltr'><strong>quartae,</strong></span> <span class='ocrx_word' id='word_1_63' title='bbox 1230 1068 1267 1129; x_wconf 86' lang='lat' dir='ltr'><strong>ad</strong></span> <span class='ocrx_word' id='word_1_64' title='bbox 1282 1067 1370 1148; x_wconf 82' lang='lat' dir='ltr'><strong>enjus</strong></span> <span class='ocrx_word' id='word_1_65' title='bbox 1386 1067 1479 1129; x_wconf 82' lang='lat' dir='ltr'><strong>rerba</strong></span> <span class='ocrx_word' id='word_1_66' title='bbox 1492 1071 1525 1128; x_wconf 92' lang='lat' dir='ltr'><strong>et</strong></span> <span class='ocrx_word' id='word_1_67' title='bbox 1544 1069 1709 1130; x_wconf 75' lang='lat' dir='ltr'><strong>sententiaa</strong></span> <span class='ocrx_word' id='word_1_68' title='bbox 1723 1073 1818 1149; x_wconf 77' lang='lat' dir='ltr'><strong>pnite</strong></span> <span class='ocrx_word' id='word_1_69' title='bbox 1831 1089 1900 1132; x_wconf 86' lang='lat' dir='ltr'><strong>eum</strong></span> <span class='ocrx_word' id='word_1_70' title='bbox 1912 1087 1971 1153; x_wconf 83' lang='lat' dir='ltr'><strong>po·</strong></span> 
     </span>
     <span class='ocr_line' id='line_1_8' title="bbox 309 1168 2001 1284; baseline 0.002 -34"><span class='ocrx_word' id='word_1_71' title='bbox 309 1187 467 1284; x_wconf 67' lang='lat' dir='ltr'><strong>pnlrribna</strong></span> <span class='ocrx_word' id='word_1_72' title='bbox 487 1189 551 1250; x_wconf 88' lang='lat' dir='ltr'><strong>auia</strong></span> <span class='ocrx_word' id='word_1_73' title='bbox 564 1207 656 1269; x_wconf 74' lang='lat' dir='ltr'><strong>egena</strong></span> <span class='ocrx_word' id='word_1_74' title='bbox 669 1189 783 1268; x_wconf 86' lang='lat' dir='ltr'><strong>ubique</strong></span> <span class='ocrx_word' id='word_1_75' title='bbox 793 1188 942 1268; x_wconf 83' lang='lat' dir='ltr'><strong>reapexit,</strong></span> <span class='ocrx_word' id='word_1_76' title='bbox 963 1187 1046 1267; x_wconf 84' lang='lat' dir='ltr'><strong>qnod</strong></span> <span class='ocrx_word' id='word_1_77' title='bbox 1060 1187 1162 1252; x_wconf 83' lang='lat' dir='ltr'><strong>innare</strong></span> <span class='ocrx_word' id='word_1_78' title='bbox 1174 1205 1234 1250; x_wconf 88' lang='lat' dir='ltr'><strong>non</strong></span> <span class='ocrx_word' id='word_1_79' title='bbox 1248 1190 1382 1268; x_wconf 91' lang='lat' dir='ltr'><strong>potarat,</strong></span> <span class='ocrx_word' id='word_1_80' title='bbox 1402 1189 1430 1250; x_wconf 88' lang='lat' dir='ltr'><strong>ai</strong></span> <span class='ocrx_word' id='word_1_81' title='bbox 1452 1205 1522 1250; x_wconf 86' lang='lat' dir='ltr'><strong>num</strong></span> <span class='ocrx_word' id='word_1_82' title='bbox 1543 1187 1649 1268; x_wconf 83' lang='lat' dir='ltr'><strong>pannio</strong></span> <span class='ocrx_word' id='word_1_83' title='bbox 1670 1187 1762 1249; x_wconf 87' lang='lat' dir='ltr'><strong>modu</strong></span> <span class='ocrx_word' id='word_1_84' title='bbox 1783 1189 1886 1250; x_wconf 78' lang='lat' dir='ltr'><strong>amieis</strong></span> <span class='ocrx_word' id='word_1_85' title='bbox 1908 1207 1975 1254; x_wconf 84' lang='lat' dir='ltr'><strong>eam</strong></span> <span class='ocrx_word' id='word_1_86' title='bbox 1995 1168 2001 1184; x_wconf 71' lang='lat'><strong>.</strong></span> 
     </span>
     <span class='ocr_line' id='line_1_9' title="bbox 310 1303 2040 1390; baseline 0.001 -20"><span class='ocrx_word' id='word_1_87' title='bbox 310 1305 572 1370; x_wconf 71' lang='lat' dir='ltr'><strong>communicasset.</strong></span> <span class='ocrx_word' id='word_1_88' title='bbox 616 1307 720 1386; x_wconf 74' lang='lat' dir='ltr'><strong>Quid‘l</strong></span> <span class='ocrx_word' id='word_1_89' title='bbox 741 1307 824 1387; x_wconf 80' lang='lat' dir='ltr'><strong>qnod</strong></span> <span class='ocrx_word' id='word_1_90' title='bbox 839 1306 996 1370; x_wconf 83' lang='lat' dir='ltr'><strong>Canidiam</strong></span> <span class='ocrx_word' id='word_1_91' title='bbox 1008 1305 1109 1389; x_wconf 79' lang='lat' dir='ltr'><strong>Epod.</strong></span> <span class='ocrx_word' id='word_1_92' title='bbox 1123 1307 1176 1383; x_wconf 78' lang='lat' dir='ltr'><strong>lt,</strong></span> <span class='ocrx_word' id='word_1_93' title='bbox 1188 1305 1241 1369; x_wconf 64' lang='lat'><strong>58</strong></span> <span class='ocrx_word' id='word_1_94' title='bbox 1255 1306 1442 1388; x_wconf 73' lang='lat' dir='ltr'><strong>exprobrare</strong></span> <span class='ocrx_word' id='word_1_95' title='bbox 1455 1305 1514 1368; x_wconf 86' lang='lat' dir='ltr'><strong>albi</strong></span> <span class='ocrx_word' id='word_1_96' title='bbox 1526 1306 1599 1368; x_wconf 89' lang='lat' dir='ltr'><strong>iaoit</strong></span> <span class='ocrx_word' id='word_1_97' title='bbox 1620 1303 1751 1368; x_wconf 87' lang='lat' dir='ltr'><strong>Satiram</strong></span> <span class='ocrx_word' id='word_1_98' title='bbox 1773 1306 1798 1382; x_wconf 92' lang='lat' dir='ltr'><strong>l,</strong></span> <span class='ocrx_word' id='word_1_99' title='bbox 1818 1307 1860 1369; x_wconf 84' lang='grc'><strong>8.·</strong></span> <span class='ocrx_word' id='word_1_100' title='bbox 1874 1325 1975 1390; x_wconf 86' lang='lat' dir='ltr'><strong>nuper</strong></span> <span class='ocrx_word' id='word_1_101' title='bbox 2037 1305 2040 1317; x_wconf 81' lang='lat'><em>&#39;</em></span> 
     </span>
     <span class='ocr_line' id='line_1_10' title="bbox 311 1423 1971 1508; baseline 0.002 -21"><span class='ocrx_word' id='word_1_102' title='bbox 311 1423 497 1507; x_wconf 78' lang='lat' dir='ltr'><strong>arnigatamr</strong></span> <span class='ocrx_word' id='word_1_103' title='bbox 519 1423 588 1500; x_wconf 78' lang='lat' dir='ltr'><strong>„lit</strong></span> <span class='ocrx_word' id='word_1_104' title='bbox 600 1423 767 1508; x_wconf 53' lang='lat' dir='ltr'><strong>linquit&amp;</strong></span> <span class='ocrx_word' id='word_1_105' title='bbox 776 1425 926 1506; x_wconf 62' lang='grc' dir='ltr'>Ροιιιῇῐστ</span> <span class='ocrx_word' id='word_1_106' title='bbox 938 1426 1076 1507; x_wconf 79' lang='lat' dir='ltr'><strong>nenajlei,</strong></span> <span class='ocrx_word' id='word_1_107' title='bbox 1099 1423 1230 1508; x_wconf 76' lang='lat' dir='ltr'><strong>inpune</strong></span> <span class='ocrx_word' id='word_1_108' title='bbox 1242 1431 1281 1486; x_wconf 86' lang='lat' dir='ltr'><strong>nt</strong></span> <span class='ocrx_word' id='word_1_109' title='bbox 1300 1423 1407 1488; x_wconf 81' lang='lat' dir='ltr'><strong>urbem</strong></span> <span class='ocrx_word' id='word_1_110' title='bbox 1426 1427 1550 1488; x_wconf 79' lang='lat' dir='ltr'><strong>marine</strong></span> <span class='ocrx_word' id='word_1_111' title='bbox 1569 1425 1708 1507; x_wconf 72' lang='lat' dir='ltr'><strong>implen&#39;a</strong></span> <span class='ocrx_word' id='word_1_112' title='bbox 1726 1425 1846 1502; x_wconf 63' lang='lat' dir='ltr'><strong>maru</strong></span> <span class='ocrx_word' id='word_1_113' title='bbox 1888 1423 1971 1490; x_wconf 87' lang='lat' dir='ltr'><strong>Nunr</strong></span> 
     </span>
     <span class='ocr_line' id='line_1_11' title="bbox 308 1541 1477 1626; baseline -0.001 -19"><span class='ocrx_word' id='word_1_114' title='bbox 308 1541 370 1608; x_wconf 84' lang='lat' dir='ltr'><strong>boo</strong></span> <span class='ocrx_word' id='word_1_115' title='bbox 379 1543 475 1626; x_wconf 83' lang='lat' dir='ltr'><strong>pliter</strong></span> <span class='ocrx_word' id='word_1_116' title='bbox 487 1545 582 1624; x_wconf 89' lang='lat' dir='ltr'><strong>aooipi</strong></span> <span class='ocrx_word' id='word_1_117' title='bbox 595 1551 701 1624; x_wconf 80' lang='lat' dir='ltr'><strong>potent</strong></span> <span class='ocrx_word' id='word_1_118' title='bbox 713 1563 748 1606; x_wconf 89' lang='lat' dir='ltr'><strong>ae</strong></span> <span class='ocrx_word' id='word_1_119' title='bbox 760 1544 800 1608; x_wconf 92' lang='lat' dir='ltr'><strong>de</strong></span> <span class='ocrx_word' id='word_1_120' title='bbox 812 1543 917 1607; x_wconf 90' lang='lat' dir='ltr'><strong>libello</strong></span> <span class='ocrx_word' id='word_1_121' title='bbox 932 1545 984 1624; x_wconf 79' lang='lat' dir='ltr'><strong>qul</strong></span> <span class='ocrx_word' id='word_1_122' title='bbox 999 1545 1131 1606; x_wconf 88' lang='lat' dir='ltr'><strong>omniurn</strong></span> <span class='ocrx_word' id='word_1_123' title='bbox 1144 1545 1282 1606; x_wconf 76' lang='lat' dir='ltr'><strong>manibus</strong></span> <span class='ocrx_word' id='word_1_124' title='bbox 1296 1545 1477 1608; x_wconf 79' lang='lat' dir='ltr'><strong>terereturr</strong></span> 
     </span>
     <span class='ocr_line' id='line_1_12' title="bbox 392 1648 2089 1746; baseline -0.002 -21"><span class='ocrx_word' id='word_1_125' title='bbox 392 1661 437 1725; x_wconf 78' lang='lat' dir='ltr'><strong>lit</strong></span> <span class='ocrx_word' id='word_1_126' title='bbox 450 1663 519 1743; x_wconf 88' lang='lat' dir='ltr'><strong>ipao</strong></span> <span class='ocrx_word' id='word_1_127' title='bbox 542 1648 792 1728; x_wconf 80' lang='lat' dir='ltr'><strong>Libellornm</strong></span> <span class='ocrx_word' id='word_1_128' title='bbox 812 1664 936 1728; x_wconf 88' lang='lat' dir='ltr'><strong>nomine</strong></span> <span class='ocrx_word' id='word_1_129' title='bbox 956 1663 1090 1746; x_wconf 70' lang='lat' dir='ltr'><strong>singultu</strong></span> <span class='ocrx_word' id='word_1_130' title='bbox 1108 1661 1243 1746; x_wconf 73' lang='lat' dir='ltr'><strong>blolopaa</strong></span> <span class='ocrx_word' id='word_1_131' title='bbox 1262 1663 1415 1745; x_wconf 77' lang='lat' dir='ltr'><strong>deaignarl</strong></span> <span class='ocrx_word' id='word_1_132' title='bbox 1434 1663 1582 1736; x_wconf 77' lang='lat' dir='ltr'><strong>videmur,</strong></span> <span class='ocrx_word' id='word_1_133' title='bbox 1603 1659 1669 1726; x_wconf 87' lang='lat' dir='ltr'><strong>Sat.</strong></span> <span class='ocrx_word' id='word_1_134' title='bbox 1688 1661 1826 1738; x_wconf 79' lang='lat' dir='ltr'><strong>1,4,·tl.</strong></span> <span class='ocrx_word' id='word_1_135' title='bbox 1848 1655 2029 1738; x_wconf 69' lang='lat' dir='ltr'><strong>„Nattatn</strong></span> <span class='ocrx_word' id='word_1_136' title='bbox 2084 1735 2089 1746; x_wconf 21' lang='grc' dir='ltr'><strong>ο</strong></span> 
     </span>
    </p>

    <p class='ocr_par' dir='ltr' id='par_1_4' title="bbox 306 1777 1970 1864">
     <span class='ocr_line' id='line_1_13' title="bbox 306 1777 1970 1864; baseline 0.002 -22"><span class='ocrx_word' id='word_1_137' title='bbox 306 1777 442 1853; x_wconf 68' lang='lat' dir='ltr'><strong>‚inimo</strong></span> <span class='ocrx_word' id='word_1_138' title='bbox 463 1801 546 1844; x_wconf 84' lang='lat' dir='ltr'><strong>mena</strong></span> <span class='ocrx_word' id='word_1_139' title='bbox 564 1779 680 1844; x_wconf 78' lang='lat' dir='ltr'><strong>dolent</strong></span> <span class='ocrx_word' id='word_1_140' title='bbox 700 1801 801 1864; x_wconf 79' lang='lat' dir='ltr'><strong>nequa</strong></span> <span class='ocrx_word' id='word_1_141' title='bbox 816 1783 887 1864; x_wconf 86' lang='lat' dir='ltr'><strong>pilo</strong></span> <span class='ocrx_word' id='word_1_142' title='bbox 908 1781 942 1844; x_wconf 84' lang='lat' dir='ltr'><strong>li</strong></span> <span class='ocrx_word' id='word_1_143' title='bbox 948 1781 1010 1846; x_wconf 86' lang='lat' dir='ltr'><strong>bel</strong></span> <span class='ocrx_word' id='word_1_144' title='bbox 1016 1781 1030 1844; x_wconf 89' lang='lat' dir='ltr'><strong>l</strong></span> <span class='ocrx_word' id='word_1_145' title='bbox 1036 1801 1093 1859; x_wconf 89' lang='lat' dir='ltr'><strong>aa,</strong></span> <span class='ocrx_word' id='word_1_146' title='bbox 1117 1781 1194 1860; x_wconf 76' lang='lat' dir='ltr'><strong>Quia</strong></span> <span class='ocrx_word' id='word_1_147' title='bbox 1212 1801 1325 1845; x_wconf 82' lang='lat' dir='ltr'><strong>monna</strong></span> <span class='ocrx_word' id='word_1_148' title='bbox 1341 1783 1469 1846; x_wconf 72' lang='lat' dir='ltr'><strong>inundet</strong></span> <span class='ocrx_word' id='word_1_149' title='bbox 1482 1781 1593 1864; x_wconf 50' lang='grc' dir='ltr'><strong>ιιιιιςιιι</strong></span> <span class='ocrx_word' id='word_1_150' title='bbox 1613 1782 1672 1844; x_wconf 89' lang='lat' dir='ltr'><strong>ete.</strong></span> <span class='ocrx_word' id='word_1_151' title='bbox 1716 1781 1785 1859; x_wconf 78' lang='lat' dir='ltr'><strong>Quo</strong></span> <span class='ocrx_word' id='word_1_152' title='bbox 1806 1781 1876 1844; x_wconf 88' lang='lat' dir='ltr'><strong>loon</strong></span> <span class='ocrx_word' id='word_1_153' title='bbox 1899 1800 1970 1846; x_wconf 83' lang='lat' dir='ltr'><strong>oum</strong></span> 
     </span>
    </p>

    <p class='ocr_par' dir='ltr' id='par_1_5' title="bbox 167 1885 1970 2222">
     <span class='ocr_line' id='line_1_14' title="bbox 167 1885 1969 1984; baseline 0 -22"><span class='ocrx_word' id='word_1_154' title='bbox 167 1885 170 1890; x_wconf 41' lang='lat'><strong>¹</strong></span> <span class='ocrx_word' id='word_1_155' title='bbox 306 1903 400 1980; x_wconf 68' lang='lat' dir='ltr'><strong>negat</strong></span> <span class='ocrx_word' id='word_1_156' title='bbox 420 1897 535 1962; x_wconf 89' lang='lat' dir='ltr'><strong>Satiraa</strong></span> <span class='ocrx_word' id='word_1_157' title='bbox 554 1919 624 1964; x_wconf 84' lang='lat' dir='ltr'><strong>auae</strong></span> <span class='ocrx_word' id='word_1_158' title='bbox 644 1901 769 1983; x_wconf 79' lang='lat' dir='ltr'><strong>publice</strong></span> <span class='ocrx_word' id='word_1_159' title='bbox 786 1907 929 1984; x_wconf 76' lang='lat' dir='ltr'><strong>prostare</strong></span> <span class='ocrx_word' id='word_1_160' title='bbox 948 1903 981 1966; x_wconf 91' lang='lat' dir='ltr'><strong>in</strong></span> <span class='ocrx_word' id='word_1_161' title='bbox 997 1901 1131 1970; x_wconf 83' lang='lat' dir='ltr'><strong>taberolo</strong></span> <span class='ocrx_word' id='word_1_162' title='bbox 1151 1901 1300 1978; x_wconf 83' lang='lat' dir='ltr'><strong>librariir,</strong></span> <span class='ocrx_word' id='word_1_163' title='bbox 1321 1902 1391 1964; x_wconf 85' lang='lat' dir='ltr'><strong>fleri</strong></span> <span class='ocrx_word' id='word_1_164' title='bbox 1414 1907 1513 1964; x_wconf 86' lang='lat' dir='ltr'><strong>lamen</strong></span> <span class='ocrx_word' id='word_1_165' title='bbox 1533 1920 1628 1982; x_wconf 79' lang='lat' dir='ltr'><strong>panae</strong></span> <span class='ocrx_word' id='word_1_166' title='bbox 1648 1906 1681 1964; x_wconf 89' lang='lat' dir='ltr'><strong>et</strong></span> <span class='ocrx_word' id='word_1_167' title='bbox 1695 1899 1911 1982; x_wconf 81' lang='lat' dir='ltr'><strong>anepiua&#39;iiarl,</strong></span> <span class='ocrx_word' id='word_1_168' title='bbox 1932 1905 1969 1962; x_wconf 87' lang='lat' dir='ltr'><strong>nt</strong></span> 
     </span>
     <span class='ocr_line' id='line_1_15' title="bbox 306 2016 1970 2104; baseline 0 -24"><span class='ocrx_word' id='word_1_169' title='bbox 306 2017 421 2099; x_wconf 73' lang='lat' dir='ltr'><strong>singuli</strong></span> <span class='ocrx_word' id='word_1_170' title='bbox 434 2017 547 2082; x_wconf 86' lang='lat' dir='ltr'><strong>Libelll</strong></span> <span class='ocrx_word' id='word_1_171' title='bbox 561 2037 587 2104; x_wconf 68' lang='lat' dir='ltr'><strong>a,</strong></span> <span class='ocrx_word' id='word_1_172' title='bbox 602 2019 738 2102; x_wconf 73' lang='lat' dir='ltr'><strong>Eulogae</strong></span> <span class='ocrx_word' id='word_1_173' title='bbox 750 2021 873 2102; x_wconf 83' lang='lat' dir='ltr'><strong>publine</strong></span> <span class='ocrx_word' id='word_1_174' title='bbox 884 2022 1009 2085; x_wconf 83' lang='lat' dir='ltr'><strong>renalea</strong></span> <span class='ocrx_word' id='word_1_175' title='bbox 1020 2025 1171 2103; x_wconf 79' lang='lat' dir='ltr'><strong>praetant,</strong></span> <span class='ocrx_word' id='word_1_176' title='bbox 1193 2021 1354 2102; x_wconf 70' lang='lat' dir='ltr'><strong>rignidoat.</strong></span> <span class='ocrx_word' id='word_1_177' title='bbox 1376 2020 1465 2082; x_wconf 90' lang='lat' dir='ltr'><strong>Unde</strong></span> <span class='ocrx_word' id='word_1_178' title='bbox 1477 2023 1572 2100; x_wconf 77' lang='lat' dir='ltr'><strong>prtet,</strong></span> <span class='ocrx_word' id='word_1_179' title='bbox 1597 2018 1760 2080; x_wconf 81' lang='lat' dir='ltr'><strong>eleuanlrm</strong></span> <span class='ocrx_word' id='word_1_180' title='bbox 1776 2017 1895 2080; x_wconf 89' lang='lat' dir='ltr'><strong>Satirae</strong></span> <span class='ocrx_word' id='word_1_181' title='bbox 1915 2016 1970 2080; x_wconf 87' lang='lat' dir='ltr'><strong>de·</strong></span> 
     </span>
     <span class='ocr_line' id='line_1_16' title="bbox 308 2133 1969 2222; baseline -0.001 -26"><span class='ocrx_word' id='word_1_182' title='bbox 308 2135 404 2196; x_wconf 85' lang='lat' dir='ltr'><strong>nimae</strong></span> <span class='ocrx_word' id='word_1_183' title='bbox 424 2133 491 2197; x_wconf 84' lang='lat' dir='ltr'><strong>Lib.</strong></span> <span class='ocrx_word' id='word_1_184' title='bbox 512 2135 534 2197; x_wconf 93' lang='lat' dir='ltr'><strong>l.</strong></span> <span class='ocrx_word' id='word_1_185' title='bbox 557 2156 697 2217; x_wconf 82' lang='lat' dir='ltr'><strong>quoque:</strong></span> <span class='ocrx_word' id='word_1_186' title='bbox 727 2137 769 2215; x_wconf 90' lang='lat'><strong>„1</strong></span> <span class='ocrx_word' id='word_1_187' title='bbox 780 2159 863 2221; x_wconf 84' lang='lat' dir='ltr'><strong>puer</strong></span> <span class='ocrx_word' id='word_1_188' title='bbox 878 2147 976 2222; x_wconf 78' lang='lat' dir='ltr'><strong>atque</strong></span> <span class='ocrx_word' id='word_1_189' title='bbox 990 2159 1057 2202; x_wconf 80' lang='lat' dir='ltr'><strong>ouen</strong></span> <span class='ocrx_word' id='word_1_190' title='bbox 1072 2143 1154 2206; x_wconf 77' lang='lat' dir='ltr'><strong>oltra</strong></span> <span class='ocrx_word' id='word_1_191' title='bbox 1167 2137 1245 2204; x_wconf 80' lang='lat' dir='ltr'><strong>bueo</strong></span> <span class='ocrx_word' id='word_1_192' title='bbox 1255 2137 1410 2202; x_wconf 81' lang='lat' dir='ltr'><strong>audooribe</strong></span> <span class='ocrx_word' id='word_1_193' title='bbox 1422 2135 1548 2198; x_wconf 63' lang='lat' dir='ltr'><strong>tidelm*</strong></span> <span class='ocrx_word' id='word_1_194' title='bbox 1570 2155 1631 2198; x_wconf 89' lang='lat' dir='ltr'><strong>non</strong></span> <span class='ocrx_word' id='word_1_195' title='bbox 1650 2136 1689 2196; x_wconf 90' lang='lat' dir='ltr'><strong>ad</strong></span> <span class='ocrx_word' id='word_1_196' title='bbox 1710 2139 1810 2196; x_wconf 89' lang='lat' dir='ltr'><strong>totum</strong></span> <span class='ocrx_word' id='word_1_197' title='bbox 1832 2133 1969 2213; x_wconf 78' lang='lat' dir='ltr'><strong>priorem</strong></span> 
     </span>
    </p>

    <p class='ocr_par' dir='ltr' id='par_1_6' title="bbox 212 2247 2162 3159">
     <span class='ocr_line' id='line_1_17' title="bbox 274 2247 2078 2338; baseline -0.001 -20"><span class='ocrx_word' id='word_1_198' title='bbox 274 2313 280 2323; x_wconf 83' lang='lat'><strong>,</strong></span> <span class='ocrx_word' id='word_1_199' title='bbox 305 2249 488 2318; x_wconf 80' lang='lat' dir='ltr'><strong>Sermonum</strong></span> <span class='ocrx_word' id='word_1_200' title='bbox 502 2253 624 2331; x_wconf 87' lang='lat' dir='ltr'><strong>librum,</strong></span> <span class='ocrx_word' id='word_1_201' title='bbox 646 2256 898 2338; x_wconf 82' lang='lat' dir='ltr'><strong>quamadmodum</strong></span> <span class='ocrx_word' id='word_1_202' title='bbox 909 2255 1067 2336; x_wconf 85' lang='lat' dir='ltr'><strong>Bentlejua</strong></span> <span class='ocrx_word' id='word_1_203' title='bbox 1080 2275 1244 2338; x_wconf 88' lang='lat' dir='ltr'><strong>perperam</strong></span> <span class='ocrx_word' id='word_1_204' title='bbox 1255 2257 1485 2336; x_wconf 86' lang='lat' dir='ltr'><strong>interpretatur,</strong></span> <span class='ocrx_word' id='word_1_205' title='bbox 1506 2253 1563 2314; x_wconf 91' lang='lat' dir='ltr'><strong>aed</strong></span> <span class='ocrx_word' id='word_1_206' title='bbox 1577 2253 1725 2334; x_wconf 82' lang='lat' dir='ltr'><strong>adipeam</strong></span> <span class='ocrx_word' id='word_1_207' title='bbox 1739 2251 1821 2313; x_wconf 86' lang='lat' dir='ltr'><strong>illam</strong></span> <span class='ocrx_word' id='word_1_208' title='bbox 1837 2247 1971 2316; x_wconf 82' lang='lat' dir='ltr'><strong>Satiratn</strong></span> <span class='ocrx_word' id='word_1_209' title='bbox 2072 2309 2078 2324; x_wconf 83' lang='grc'>,</span> 
     </span>
     <span class='ocr_line' id='line_1_18' title="bbox 306 2369 1967 2453; baseline -0.003 -17"><span class='ocrx_word' id='word_1_210' title='bbox 306 2370 431 2448; x_wconf 78' lang='lat' dir='ltr'><strong>reterri,</strong></span> <span class='ocrx_word' id='word_1_211' title='bbox 454 2373 538 2451; x_wconf 85' lang='lat' dir='ltr'><strong>quod</strong></span> <span class='ocrx_word' id='word_1_212' title='bbox 552 2373 752 2436; x_wconf 84' lang='lat' dir='ltr'><strong>Heindordua</strong></span> <span class='ocrx_word' id='word_1_213' title='bbox 764 2379 851 2439; x_wconf 86' lang='lat' dir='ltr'><strong>reete</strong></span> <span class='ocrx_word' id='word_1_214' title='bbox 867 2373 1048 2436; x_wconf 74' lang='lat' dir='ltr'><strong>observavit.</strong></span> <span class='ocrx_word' id='word_1_215' title='bbox 1090 2371 1156 2436; x_wconf 88' lang='lat' dir='ltr'><strong>Neo</strong></span> <span class='ocrx_word' id='word_1_216' title='bbox 1168 2375 1266 2436; x_wconf 82' lang='lat' dir='ltr'><strong>minus</strong></span> <span class='ocrx_word' id='word_1_217' title='bbox 1277 2369 1384 2436; x_wconf 79' lang='lat' dir='ltr'><strong>reram</strong></span> <span class='ocrx_word' id='word_1_218' title='bbox 1397 2377 1455 2448; x_wconf 84' lang='lat' dir='ltr'><strong>eat,</strong></span> <span class='ocrx_word' id='word_1_219' title='bbox 1477 2371 1560 2453; x_wconf 83' lang='lat' dir='ltr'><strong>qnod</strong></span> <span class='ocrx_word' id='word_1_220' title='bbox 1579 2392 1615 2434; x_wconf 91' lang='lat' dir='ltr'><strong>re</strong></span> <span class='ocrx_word' id='word_1_221' title='bbox 1634 2371 1701 2453; x_wconf 82' lang='lat' dir='ltr'><strong>ipsa</strong></span> <span class='ocrx_word' id='word_1_222' title='bbox 1716 2371 1875 2451; x_wconf 86' lang='lat' dir='ltr'><strong>probatum</strong></span> <span class='ocrx_word' id='word_1_223' title='bbox 1889 2369 1967 2432; x_wconf 80' lang='lat' dir='ltr'><strong>uidi·</strong></span> 
     </span>
     <span class='ocr_line' id='line_1_19' title="bbox 306 2487 1971 2576; baseline 0.002 -27"><span class='ocrx_word' id='word_1_224' title='bbox 306 2505 389 2564; x_wconf 75' lang='grc' dir='ltr'><strong>Ιηιιιι,</strong></span> <span class='ocrx_word' id='word_1_225' title='bbox 412 2487 547 2567; x_wconf 76' lang='lat' dir='ltr'><strong>ringulae</strong></span> <span class='ocrx_word' id='word_1_226' title='bbox 567 2487 693 2565; x_wconf 83' lang='lat' dir='ltr'><strong>Srtiran,</strong></span> <span class='ocrx_word' id='word_1_227' title='bbox 711 2490 834 2576; x_wconf 75' lang='lat' dir='ltr'><strong>¹etirmai</strong></span> <span class='ocrx_word' id='word_1_228' title='bbox 849 2489 1116 2572; x_wconf 79' lang='lat' dir='ltr'><strong>abdloratinipro</strong></span> <span class='ocrx_word' id='word_1_229' title='bbox 1134 2493 1168 2556; x_wconf 85' lang='lat' dir='ltr'><strong>in</strong></span> <span class='ocrx_word' id='word_1_230' title='bbox 1186 2491 1379 2556; x_wconf 85' lang='lat' dir='ltr'><strong>librrrlorurn</strong></span> <span class='ocrx_word' id='word_1_231' title='bbox 1397 2508 1503 2554; x_wconf 82' lang='lat' dir='ltr'><strong>monna</strong></span> <span class='ocrx_word' id='word_1_232' title='bbox 1524 2491 1654 2552; x_wconf 86' lang='lat' dir='ltr'><strong>traditae</strong></span> <span class='ocrx_word' id='word_1_233' title='bbox 1675 2508 1737 2552; x_wconf 88' lang='lat' dir='ltr'><strong>non</strong></span> <span class='ocrx_word' id='word_1_234' title='bbox 1754 2487 1879 2566; x_wconf 82' lang='lat' dir='ltr'><strong>inerint,</strong></span> <span class='ocrx_word' id='word_1_235' title='bbox 1900 2507 1971 2552; x_wconf 86' lang='lat' dir='ltr'><strong>eunt</strong></span> 
     </span>
     <span class='ocr_line' id='line_1_20' title="bbox 308 2597 1969 2691; baseline 0.001 -23"><span class='ocrx_word' id='word_1_236' title='bbox 308 2597 440 2687; x_wconf 72' lang='lat' dir='ltr'><strong>primum</strong></span> <span class='ocrx_word' id='word_1_237' title='bbox 454 2625 605 2686; x_wconf 84' lang='lat' dir='ltr'><strong>proeuaae</strong></span> <span class='ocrx_word' id='word_1_238' title='bbox 626 2613 739 2683; x_wconf 82' lang='lat' dir='ltr'><strong>eaaent,</strong></span> <span class='ocrx_word' id='word_1_239' title='bbox 761 2607 874 2688; x_wconf 84' lang='lat' dir='ltr'><strong>publlai</strong></span> <span class='ocrx_word' id='word_1_240' title='bbox 883 2609 964 2690; x_wconf 79' lang='lat' dir='ltr'><strong>juria</strong></span> <span class='ocrx_word' id='word_1_241' title='bbox 984 2628 1055 2678; x_wconf 79' lang='lat' dir='ltr'><strong>etto.</strong></span> <span class='ocrx_word' id='word_1_242' title='bbox 1072 2609 1178 2677; x_wconf 71' lang='lat' dir='ltr'><strong>ircim</strong></span> <span class='ocrx_word' id='word_1_243' title='bbox 1222 2611 1325 2690; x_wconf 74' lang='lat' dir='ltr'><strong>Quare</strong></span> <span class='ocrx_word' id='word_1_244' title='bbox 1346 2611 1464 2674; x_wconf 77' lang='lat' dir='ltr'><strong>etiamsi</strong></span> <span class='ocrx_word' id='word_1_245' title='bbox 1483 2612 1612 2691; x_wconf 86' lang='lat' dir='ltr'><strong>paucula</strong></span> <span class='ocrx_word' id='word_1_246' title='bbox 1631 2609 1779 2688; x_wconf 83' lang='lat' dir='ltr'><strong>quaedam</strong></span> <span class='ocrx_word' id='word_1_247' title='bbox 1801 2627 1836 2669; x_wconf 87' lang='lat' dir='ltr'><strong>ne</strong></span> <span class='ocrx_word' id='word_1_248' title='bbox 1853 2608 1969 2670; x_wconf 82' lang='lat' dir='ltr'><strong>leviora</strong></span> 
     </span>
     <span class='ocr_line' id='line_1_21' title="bbox 307 2725 1971 2810; baseline 0.001 -24"><span class='ocrx_word' id='word_1_249' title='bbox 307 2725 460 2806; x_wconf 64' lang='lat' dir='ltr'><strong>poematia</strong></span> <span class='ocrx_word' id='word_1_250' title='bbox 473 2741 535 2788; x_wconf 91' lang='lat' dir='ltr'><strong>non</strong></span> <span class='ocrx_word' id='word_1_251' title='bbox 548 2727 579 2788; x_wconf 94' lang='lat' dir='ltr'><strong>in</strong></span> <span class='ocrx_word' id='word_1_252' title='bbox 593 2728 844 2793; x_wconf 80' lang='lat' dir='ltr'><strong>omniummmua</strong></span> <span class='ocrx_word' id='word_1_253' title='bbox 857 2729 1036 2808; x_wconf 85' lang='lat' dir='ltr'><strong>perreuiaae</strong></span> <span class='ocrx_word' id='word_1_254' title='bbox 1050 2732 1223 2806; x_wconf 77' lang='lat' dir='ltr'><strong>statuimur,</strong></span> <span class='ocrx_word' id='word_1_255' title='bbox 1244 2736 1405 2810; x_wconf 86' lang='lat' dir='ltr'><strong>antequam</strong></span> <span class='ocrx_word' id='word_1_256' title='bbox 1423 2729 1623 2790; x_wconf 80' lang='lat' dir='ltr'><strong>voluminibus</strong></span> <span class='ocrx_word' id='word_1_257' title='bbox 1644 2727 1706 2790; x_wconf 82' lang='lat' dir='ltr'><strong>auia</strong></span> <span class='ocrx_word' id='word_1_258' title='bbox 1728 2725 1971 2802; x_wconf 75' lang='lat' dir='ltr'><strong>includerentur,</strong></span> 
     </span>
     <span class='ocr_line' id='line_1_22' title="bbox 212 2827 1967 2928; baseline 0.005 -28"><span class='ocrx_word' id='word_1_259' title='bbox 212 2887 218 2900; x_wconf 94' lang='lat'><strong>.</strong></span> <span class='ocrx_word' id='word_1_260' title='bbox 306 2843 452 2924; x_wconf 78' lang='lat' dir='ltr'><strong>plurimae</strong></span> <span class='ocrx_word' id='word_1_261' title='bbox 466 2849 567 2906; x_wconf 67' lang='lat' dir='ltr'><strong>umen</strong></span> <span class='ocrx_word' id='word_1_262' title='bbox 578 2863 695 2923; x_wconf 82' lang='lat' dir='ltr'><strong>eatque</strong></span> <span class='ocrx_word' id='word_1_263' title='bbox 708 2845 884 2926; x_wconf 70' lang='lat' dir='ltr'><strong>insignioris</strong></span> <span class='ocrx_word' id='word_1_264' title='bbox 902 2851 934 2910; x_wconf 89' lang='lat' dir='ltr'><strong>et</strong></span> <span class='ocrx_word' id='word_1_265' title='bbox 946 2849 1020 2908; x_wconf 82' lang='lat' dir='ltr'><strong>ertia</strong></span> <span class='ocrx_word' id='word_1_266' title='bbox 1033 2852 1070 2913; x_wconf 75' lang='lat' dir='ltr'><strong>et¹</strong></span> <span class='ocrx_word' id='word_1_267' title='bbox 1080 2850 1249 2926; x_wconf 78' lang='lat' dir='ltr'><strong>argumenti</strong></span> <span class='ocrx_word' id='word_1_268' title='bbox 1262 2849 1394 2928; x_wconf 75' lang='lat' dir='ltr'><strong>llologaa</strong></span> <span class='ocrx_word' id='word_1_269' title='bbox 1405 2827 1512 2908; x_wconf 78' lang='lat' dir='ltr'><strong>atatim</strong></span> <span class='ocrx_word' id='word_1_270' title='bbox 1524 2847 1560 2909; x_wconf 92' lang='lat' dir='ltr'><strong>ab</strong></span> <span class='ocrx_word' id='word_1_271' title='bbox 1574 2852 1646 2910; x_wconf 89' lang='lat' dir='ltr'><strong>ortu</strong></span> <span class='ocrx_word' id='word_1_272' title='bbox 1655 2863 1712 2909; x_wconf 82' lang='lat' dir='ltr'><strong>auo</strong></span> <span class='ocrx_word' id='word_1_273' title='bbox 1726 2843 1967 2926; x_wconf 69' lang='lat' dir='ltr'><strong>singularunm</strong></span> 
     </span>
     <span class='ocr_line' id='line_1_23' title="bbox 308 2941 1575 3038; baseline -0.004 -13"><span class='ocrx_word' id='word_1_274' title='bbox 308 2961 445 3036; x_wconf 70' lang='lat' dir='ltr'><strong>mittat,</strong></span> <span class='ocrx_word' id='word_1_275' title='bbox 461 2977 498 3022; x_wconf 83' lang='lat' dir='ltr'><strong>ex</strong></span> <span class='ocrx_word' id='word_1_276' title='bbox 511 2961 548 3020; x_wconf 87' lang='lat' dir='ltr'><strong>iia</strong></span> <span class='ocrx_word' id='word_1_277' title='bbox 561 2981 639 3038; x_wconf 88' lang='lat' dir='ltr'><strong>qaae</strong></span> <span class='ocrx_word' id='word_1_278' title='bbox 648 2963 754 3024; x_wconf 73' lang='lat' dir='ltr'><strong>adbuc</strong></span> <span class='ocrx_word' id='word_1_279' title='bbox 769 2962 998 3038; x_wconf 70' lang='lat' dir='ltr'><strong>disputavimus,</strong></span> <span class='ocrx_word' id='word_1_280' title='bbox 1018 2965 1093 3022; x_wconf 82' lang='lat' dir='ltr'><strong>aatle</strong></span> <span class='ocrx_word' id='word_1_281' title='bbox 1107 2971 1248 3023; x_wconf 80' lang='lat' dir='ltr'><strong>eonntare</strong></span> <span class='ocrx_word' id='word_1_282' title='bbox 1262 2965 1451 3022; x_wconf 75' lang='lat' dir='ltr'><strong>arbitremur.</strong></span> <span class='ocrx_word' id='word_1_283' title='bbox 1572 2941 1575 2948; x_wconf 39' lang='lat'><strong>⁴</strong></span> 
     </span>
     <span class='ocr_line' id='line_1_24' title="bbox 392 3074 2162 3159; baseline 0.002 -21"><span class='ocrx_word' id='word_1_284' title='bbox 392 3075 445 3138; x_wconf 91' lang='lat' dir='ltr'><strong>lll.</strong></span> <span class='ocrx_word' id='word_1_285' title='bbox 486 3077 699 3159; x_wconf 87' lang='lat' dir='ltr'><strong>Bentlejua</strong></span> <span class='ocrx_word' id='word_1_286' title='bbox 729 3095 939 3158; x_wconf 86' lang='lat' dir='ltr'><strong>perperam</strong></span> <span class='ocrx_word' id='word_1_287' title='bbox 968 3077 1130 3152; x_wconf 90' lang='lat' dir='ltr'><strong>atatuit,</strong></span> <span class='ocrx_word' id='word_1_288' title='bbox 1165 3075 1373 3142; x_wconf 86' lang='lat' dir='ltr'><strong>lloratiuru</strong></span> <span class='ocrx_word' id='word_1_289' title='bbox 1394 3074 1632 3157; x_wconf 74' lang='lat' dir='ltr'><strong>Eelogarum</strong></span> <span class='ocrx_word' id='word_1_290' title='bbox 1658 3094 1813 3140; x_wconf 89' lang='lat' dir='ltr'><strong>auarum</strong></span> <span class='ocrx_word' id='word_1_291' title='bbox 1839 3077 2028 3151; x_wconf 72' lang='lat' dir='ltr'><strong>libroale.</strong></span> <span class='ocrx_word' id='word_1_292' title='bbox 2158 3102 2162 3112; x_wconf 75' lang='lat'><strong><em>¹</em></strong></span> 
     </span>
    </p>

    <p class='ocr_par' dir='ltr' id='par_1_7' title="bbox 299 3167 1970 4347">
     <span class='ocr_line' id='line_1_25' title="bbox 309 3167 1970 3278; baseline 0.001 -20"><span class='ocrx_word' id='word_1_293' title='bbox 309 3167 719 3276; x_wconf 68' lang='lat' dir='ltr'><strong>aingillati&#39;m&#39;nmnea,</strong></span> <span class='ocrx_word' id='word_1_294' title='bbox 740 3214 815 3258; x_wconf 89' lang='lat' dir='ltr'><strong>nan</strong></span> <span class='ocrx_word' id='word_1_295' title='bbox 836 3193 975 3277; x_wconf 82' lang='lat' dir='ltr'><strong>pluree</strong></span> <span class='ocrx_word' id='word_1_296' title='bbox 996 3197 1258 3278; x_wconf 81' lang='lat' dir='ltr'><strong>conjuretim,</strong></span> <span class='ocrx_word' id='word_1_297' title='bbox 1282 3194 1479 3258; x_wconf 84' lang='lat' dir='ltr'><strong>edidiaae.</strong></span> <span class='ocrx_word' id='word_1_298' title='bbox 1524 3195 1603 3274; x_wconf 79' lang='lat' dir='ltr'><strong>Quid</strong></span> <span class='ocrx_word' id='word_1_299' title='bbox 1625 3195 1663 3257; x_wconf 89' lang='lat' dir='ltr'><strong>ad</strong></span> <span class='ocrx_word' id='word_1_300' title='bbox 1685 3195 1762 3258; x_wconf 86' lang='lat' dir='ltr'><strong>bane</strong></span> <span class='ocrx_word' id='word_1_301' title='bbox 1787 3199 1970 3261; x_wconf 73' lang='lat' dir='ltr'><strong>tententiam</strong></span> 
     </span>
     <span class='ocr_line' id='line_1_26' title="bbox 308 3299 1970 3398; baseline 0.002 -19.984"><span class='ocrx_word' id='word_1_302' title='bbox 308 3314 406 3394; x_wconf 74' lang='lat' dir='ltr'><strong>tirum</strong></span> <span class='ocrx_word' id='word_1_303' title='bbox 423 3299 713 3395; x_wconf 75' lang='lat' dir='ltr'><strong>praestantissimum</strong></span> <span class='ocrx_word' id='word_1_304' title='bbox 727 3315 920 3396; x_wconf 84' lang='lat' dir='ltr'><strong>compulerit,</strong></span> <span class='ocrx_word' id='word_1_305' title='bbox 939 3333 1000 3378; x_wconf 90' lang='lat' dir='ltr'><strong>nou</strong></span> <span class='ocrx_word' id='word_1_306' title='bbox 1012 3315 1087 3379; x_wconf 80' lang='lat' dir='ltr'><strong>aetia</strong></span> <span class='ocrx_word' id='word_1_307' title='bbox 1105 3315 1264 3397; x_wconf 75' lang='lat' dir='ltr'><strong>intelligo;</strong></span> <span class='ocrx_word' id='word_1_308' title='bbox 1286 3313 1437 3395; x_wconf 82' lang='lat' dir='ltr'><strong>alquidem</strong></span> <span class='ocrx_word' id='word_1_309' title='bbox 1457 3333 1552 3395; x_wconf 89' lang='lat' dir='ltr'><strong>opera</strong></span> <span class='ocrx_word' id='word_1_310' title='bbox 1564 3314 1702 3396; x_wconf 79' lang='lat' dir='ltr'><strong>pluribus</strong></span> <span class='ocrx_word' id='word_1_311' title='bbox 1716 3315 1803 3378; x_wconf 89' lang='lat' dir='ltr'><strong>librla</strong></span> <span class='ocrx_word' id='word_1_312' title='bbox 1816 3315 1970 3398; x_wconf 87' lang='lat' dir='ltr'><strong>daanripta</strong></span> 
     </span>
     <span class='ocr_line' id='line_1_27' title="bbox 308 3433 1968 3517; baseline 0.001 -21"><span class='ocrx_word' id='word_1_313' title='bbox 308 3433 399 3498; x_wconf 87' lang='lat' dir='ltr'><strong>aimul</strong></span> <span class='ocrx_word' id='word_1_314' title='bbox 413 3438 445 3496; x_wconf 91' lang='lat' dir='ltr'><strong>et</strong></span> <span class='ocrx_word' id='word_1_315' title='bbox 463 3437 646 3517; x_wconf 79' lang='lat' dir='ltr'><strong>eonjunetim</strong></span> <span class='ocrx_word' id='word_1_316' title='bbox 662 3436 766 3510; x_wconf 86' lang='lat' dir='ltr'><strong>edere,</strong></span> <span class='ocrx_word' id='word_1_317' title='bbox 785 3435 903 3500; x_wconf 84' lang='lat' dir='ltr'><strong>etiarnal</strong></span> <span class='ocrx_word' id='word_1_318' title='bbox 916 3434 1028 3517; x_wconf 72' lang='lat' dir='ltr'><strong>ninguli</strong></span> <span class='ocrx_word' id='word_1_319' title='bbox 1043 3433 1114 3496; x_wconf 90' lang='lat' dir='ltr'><strong>libri</strong></span> <span class='ocrx_word' id='word_1_320' title='bbox 1127 3436 1283 3514; x_wconf 86' lang='lat' dir='ltr'><strong>prooemia</strong></span> <span class='ocrx_word' id='word_1_321' title='bbox 1298 3439 1330 3496; x_wconf 90' lang='lat' dir='ltr'><strong>et</strong></span> <span class='ocrx_word' id='word_1_322' title='bbox 1344 3434 1484 3515; x_wconf 73' lang='lat' dir='ltr'><strong>epilogos</strong></span> <span class='ocrx_word' id='word_1_323' title='bbox 1503 3451 1576 3498; x_wconf 84' lang='lat' dir='ltr'><strong>auor</strong></span> <span class='ocrx_word' id='word_1_324' title='bbox 1597 3434 1756 3510; x_wconf 89' lang='lat' dir='ltr'><strong>baberent,</strong></span> <span class='ocrx_word' id='word_1_325' title='bbox 1776 3435 1812 3496; x_wconf 88' lang='lat' dir='ltr'><strong>ab</strong></span> <span class='ocrx_word' id='word_1_326' title='bbox 1827 3437 1968 3516; x_wconf 72' lang='lat' dir='ltr'><strong>antiquo·</strong></span> 
     </span>
     <span class='ocr_line' id='line_1_28' title="bbox 308 3551 1968 3634; baseline 0.002 -18"><span class='ocrx_word' id='word_1_327' title='bbox 308 3571 377 3626; x_wconf 81' lang='lat' dir='ltr'><strong>rnto</strong></span> <span class='ocrx_word' id='word_1_328' title='bbox 386 3555 609 3616; x_wconf 77' lang='lat' dir='ltr'><strong>&#39;namnetudine</strong></span> <span class='ocrx_word' id='word_1_329' title='bbox 623 3554 745 3618; x_wconf 88' lang='lat' dir='ltr'><strong>minima</strong></span> <span class='ocrx_word' id='word_1_330' title='bbox 758 3553 864 3630; x_wconf 89' lang='lat' dir='ltr'><strong>abluit,</strong></span> <span class='ocrx_word' id='word_1_331' title='bbox 886 3552 970 3632; x_wconf 84' lang='lat' dir='ltr'><strong>qnod</strong></span> <span class='ocrx_word' id='word_1_332' title='bbox 983 3552 1034 3614; x_wconf 85' lang='lat' dir='ltr'><strong>rel</strong></span> <span class='ocrx_word' id='word_1_333' title='bbox 1049 3553 1219 3628; x_wconf 77' lang='lat' dir='ltr'><strong>ciceronio,</strong></span> <span class='ocrx_word' id='word_1_334' title='bbox 1234 3551 1344 3626; x_wconf 83' lang='lat' dir='ltr'><strong>Ovidii,</strong></span> <span class='ocrx_word' id='word_1_335' title='bbox 1358 3551 1482 3634; x_wconf 70' lang='lat' dir='ltr'><strong>Virgilii</strong></span> <span class='ocrx_word' id='word_1_336' title='bbox 1496 3553 1634 3633; x_wconf 82' lang='lat' dir='ltr'><strong>exempla</strong></span> <span class='ocrx_word' id='word_1_337' title='bbox 1652 3554 1727 3614; x_wconf 86' lang='lat' dir='ltr'><strong>natir</strong></span> <span class='ocrx_word' id='word_1_338' title='bbox 1748 3554 1968 3620; x_wconf 71' lang='lat' dir='ltr'><strong>demonstrant.</strong></span> 
     </span>
     <span class='ocr_line' id='line_1_29' title="bbox 308 3667 1967 3752; baseline 0 -18"><span class='ocrx_word' id='word_1_339' title='bbox 308 3667 357 3734; x_wconf 82' lang='lat' dir='ltr'><strong>lle</strong></span> <span class='ocrx_word' id='word_1_340' title='bbox 371 3673 493 3750; x_wconf 87' lang='lat' dir='ltr'><strong>aoriptia</strong></span> <span class='ocrx_word' id='word_1_341' title='bbox 506 3671 683 3734; x_wconf 86' lang='lat' dir='ltr'><strong>llnratiania</strong></span> <span class='ocrx_word' id='word_1_342' title='bbox 697 3673 961 3752; x_wconf 69' lang='lat' dir='ltr'><strong>grammaticorum</strong></span> <span class='ocrx_word' id='word_1_343' title='bbox 975 3671 1150 3732; x_wconf 78' lang='lat' dir='ltr'><strong>testimonia</strong></span> <span class='ocrx_word' id='word_1_344' title='bbox 1166 3671 1210 3730; x_wconf 91' lang='lat' dir='ltr'><strong>nil</strong></span> <span class='ocrx_word' id='word_1_345' title='bbox 1230 3669 1359 3746; x_wconf 89' lang='lat' dir='ltr'><strong>ampliua</strong></span> <span class='ocrx_word' id='word_1_346' title='bbox 1380 3671 1468 3732; x_wconf 80' lang='lat' dir='ltr'><strong>nobie</strong></span> <span class='ocrx_word' id='word_1_347' title='bbox 1489 3671 1616 3734; x_wconf 90' lang='lat' dir='ltr'><strong>tradunt</strong></span> <span class='ocrx_word' id='word_1_348' title='bbox 1634 3675 1758 3750; x_wconf 89' lang='lat' dir='ltr'><strong>praeter</strong></span> <span class='ocrx_word' id='word_1_349' title='bbox 1782 3671 1842 3732; x_wconf 90' lang='lat' dir='ltr'><strong>bne</strong></span> <span class='ocrx_word' id='word_1_350' title='bbox 1862 3691 1967 3750; x_wconf 83' lang='lat' dir='ltr'><strong>unpm,</strong></span> 
     </span>
     <span class='ocr_line' id='line_1_30' title="bbox 310 3784 1967 3871; baseline -0.001 -18"><span class='ocrx_word' id='word_1_351' title='bbox 310 3791 393 3871; x_wconf 84' lang='lat' dir='ltr'><strong>qnod</strong></span> <span class='ocrx_word' id='word_1_352' title='bbox 406 3789 576 3871; x_wconf 85' lang='lat' dir='ltr'><strong>Vitoeejua</strong></span> <span class='ocrx_word' id='word_1_353' title='bbox 591 3794 709 3863; x_wconf 87' lang='lat' dir='ltr'><strong>anetor,</strong></span> <span class='ocrx_word' id='word_1_354' title='bbox 719 3796 812 3866; x_wconf 68' lang='lat' dir='ltr'><strong>quem</strong></span> <span class='ocrx_word' id='word_1_355' title='bbox 826 3805 899 3850; x_wconf 87' lang='lat' dir='ltr'><strong>maa.</strong></span> <span class='ocrx_word' id='word_1_356' title='bbox 912 3791 946 3848; x_wconf 89' lang='lat' dir='ltr'><strong>et</strong></span> <span class='ocrx_word' id='word_1_357' title='bbox 958 3785 1073 3848; x_wconf 87' lang='lat' dir='ltr'><strong>Sebali.</strong></span> <span class='ocrx_word' id='word_1_358' title='bbox 1085 3791 1160 3848; x_wconf 81' lang='lat' dir='ltr'><strong>vett.</strong></span> <span class='ocrx_word' id='word_1_359' title='bbox 1174 3785 1353 3850; x_wconf 83' lang='lat' dir='ltr'><strong>Suetonium</strong></span> <span class='ocrx_word' id='word_1_360' title='bbox 1367 3805 1438 3850; x_wconf 83' lang='lat' dir='ltr'><strong>eane</strong></span> <span class='ocrx_word' id='word_1_361' title='bbox 1450 3791 1604 3850; x_wconf 84' lang='lat' dir='ltr'><strong>tentantur</strong></span> <span class='ocrx_word' id='word_1_362' title='bbox 1618 3784 1656 3866; x_wconf 84' lang='lat'><strong>¹),</strong></span> <span class='ocrx_word' id='word_1_363' title='bbox 1676 3789 1839 3851; x_wconf 86' lang='lat' dir='ltr'><strong>memoriae</strong></span> <span class='ocrx_word' id='word_1_364' title='bbox 1860 3791 1967 3870; x_wconf 89' lang='lat' dir='ltr'><strong>prodi·</strong></span> 
     </span>
     <span class='ocr_line' id='line_1_31' title="bbox 308 3905 1965 3989; baseline 0.001 -19"><span class='ocrx_word' id='word_1_365' title='bbox 308 3909 364 3985; x_wconf 87' lang='lat' dir='ltr'><strong>dit,</strong></span> <span class='ocrx_word' id='word_1_366' title='bbox 386 3908 485 3980; x_wconf 74' lang='lat' dir='ltr'><strong>tribua</strong></span> <span class='ocrx_word' id='word_1_367' title='bbox 502 3907 680 3978; x_wconf 73' lang='lat' dir='ltr'><strong>Carminium</strong></span> <span class='ocrx_word' id='word_1_368' title='bbox 693 3907 780 3970; x_wconf 85' lang='lat' dir='ltr'><strong>lidria</strong></span> <span class='ocrx_word' id='word_1_369' title='bbox 793 3925 832 3968; x_wconf 79' lang='lat' dir='ltr'><strong>en</strong></span> <span class='ocrx_word' id='word_1_370' title='bbox 845 3907 939 3988; x_wconf 73' lang='lat' dir='ltr'><strong>longo</strong></span> <span class='ocrx_word' id='word_1_371' title='bbox 958 3905 1127 3970; x_wconf 67' lang='lat' dir='ltr'><strong>brtmrullo</strong></span> <span class='ocrx_word' id='word_1_372' title='bbox 1145 3913 1293 3989; x_wconf 73' lang='lat' dir='ltr'><strong>quartum</strong></span> <span class='ocrx_word' id='word_1_373' title='bbox 1309 3925 1377 3968; x_wconf 81' lang='lat' dir='ltr'><strong>eane</strong></span> <span class='ocrx_word' id='word_1_374' title='bbox 1397 3905 1563 3984; x_wconf 69' lang='lat' dir='ltr'><strong>additum</strong></span> <span class='ocrx_word' id='word_1_375' title='bbox 1605 3911 1639 3968; x_wconf 90' lang='lat' dir='ltr'><strong>et</strong></span> <span class='ocrx_word' id='word_1_376' title='bbox 1658 3907 1817 3989; x_wconf 80' lang='lat' dir='ltr'><strong>Bentlejua</strong></span> <span class='ocrx_word' id='word_1_377' title='bbox 1837 3907 1965 3984; x_wconf 87' lang='lat' dir='ltr'><strong>l&#39;allitur,</strong></span> 
     </span>
     <span class='ocr_line' id='line_1_32' title="bbox 313 4025 1966 4109; baseline -0.001 -17"><span class='ocrx_word' id='word_1_378' title='bbox 313 4029 403 4092; x_wconf 77' lang='lat' dir='ltr'><strong>etiem</strong></span> <span class='ocrx_word' id='word_1_379' title='bbox 424 4027 465 4093; x_wconf 88' lang='lat' dir='ltr'><strong>da</strong></span> <span class='ocrx_word' id='word_1_380' title='bbox 478 4025 700 4106; x_wconf 71' lang='lat' dir='ltr'><strong>&#39;Epistularum</strong></span> <span class='ocrx_word' id='word_1_381' title='bbox 719 4027 799 4091; x_wconf 91' lang='lat' dir='ltr'><strong>libro</strong></span> <span class='ocrx_word' id='word_1_382' title='bbox 819 4025 954 4092; x_wconf 87' lang='lat' dir='ltr'><strong>aeenndo</strong></span> <span class='ocrx_word' id='word_1_383' title='bbox 975 4025 1035 4090; x_wconf 88' lang='lat' dir='ltr'><strong>boo</strong></span> <span class='ocrx_word' id='word_1_384' title='bbox 1055 4027 1146 4109; x_wconf 87' lang='lat' dir='ltr'><strong>prodi</strong></span> <span class='ocrx_word' id='word_1_385' title='bbox 1167 4027 1327 4109; x_wconf 86' lang='lat' dir='ltr'><strong>opinator,</strong></span> <span class='ocrx_word' id='word_1_386' title='bbox 1362 4028 1422 4092; x_wconf 82' lang='lat' dir='ltr'><strong>etri</strong></span> <span class='ocrx_word' id='word_1_387' title='bbox 1450 4029 1491 4090; x_wconf 93' lang='lat' dir='ltr'><strong>de</strong></span> <span class='ocrx_word' id='word_1_388' title='bbox 1516 4045 1553 4088; x_wconf 89' lang='lat' dir='ltr'><strong>re</strong></span> <span class='ocrx_word' id='word_1_389' title='bbox 1579 4027 1647 4108; x_wconf 78' lang='lat' dir='ltr'><strong>ipra</strong></span> <span class='ocrx_word' id='word_1_390' title='bbox 1680 4031 1808 4090; x_wconf 86' lang='lat' dir='ltr'><strong>onnatat.</strong></span> <span class='ocrx_word' id='word_1_391' title='bbox 1840 4027 1966 4108; x_wconf 82' lang='lat' dir='ltr'><strong>Reliqui</strong></span> 
     </span>
     <span class='ocr_line' id='line_1_33' title="bbox 306 4135 1963 4228; baseline -0.001 -16"><span class='ocrx_word' id='word_1_392' title='bbox 306 4141 482 4212; x_wconf 82' lang='lat' dir='ltr'><strong>&#39;Garndnnrn</strong></span> <span class='ocrx_word' id='word_1_393' title='bbox 504 4148 537 4206; x_wconf 88' lang='lat' dir='ltr'><strong>et</strong></span> <span class='ocrx_word' id='word_1_394' title='bbox 557 4145 723 4211; x_wconf 77' lang='lat' dir='ltr'><strong>Satirarum</strong></span> <span class='ocrx_word' id='word_1_395' title='bbox 743 4147 815 4208; x_wconf 83' lang='lat' dir='ltr'><strong>libri</strong></span> <span class='ocrx_word' id='word_1_396' title='bbox 836 4135 1037 4228; x_wconf 87' lang='lat' dir='ltr'><strong>aepar&#39;atimn&#39;e</strong></span> <span class='ocrx_word' id='word_1_397' title='bbox 1058 4165 1096 4208; x_wconf 90' lang='lat' dir='ltr'><strong>an</strong></span> <span class='ocrx_word' id='word_1_398' title='bbox 1116 4147 1301 4228; x_wconf 80' lang='lat' dir='ltr'><strong>conjunctim</strong></span> <span class='ocrx_word' id='word_1_399' title='bbox 1321 4147 1397 4212; x_wconf 89' lang='lat' dir='ltr'><strong>editl</strong></span> <span class='ocrx_word' id='word_1_400' title='bbox 1416 4148 1490 4226; x_wconf 77' lang='lat' dir='ltr'><strong>aiut,</strong></span> <span class='ocrx_word' id='word_1_401' title='bbox 1512 4161 1574 4211; x_wconf 92' lang='lat' dir='ltr'><strong>non</strong></span> <span class='ocrx_word' id='word_1_402' title='bbox 1588 4145 1621 4208; x_wconf 92' lang='lat' dir='ltr'><strong>ld</strong></span> <span class='ocrx_word' id='word_1_403' title='bbox 1635 4146 1759 4226; x_wconf 84' lang='lat' dir='ltr'><strong>quidem</strong></span> <span class='ocrx_word' id='word_1_404' title='bbox 1779 4165 1818 4209; x_wconf 80' lang='lat' dir='ltr'><strong>en</strong></span> <span class='ocrx_word' id='word_1_405' title='bbox 1830 4148 1963 4228; x_wconf 81' lang='lat' dir='ltr'><strong>antiquie</strong></span> 
     </span>
     <span class='ocr_line' id='line_1_34' title="bbox 306 4263 1100 4347; baseline -0.001 -18"><span class='ocrx_word' id='word_1_406' title='bbox 306 4263 425 4329; x_wconf 81' lang='lat' dir='ltr'><strong>indlniia</strong></span> <span class='ocrx_word' id='word_1_407' title='bbox 447 4269 543 4347; x_wconf 91' lang='lat' dir='ltr'><strong>patet,</strong></span> <span class='ocrx_word' id='word_1_408' title='bbox 564 4266 621 4326; x_wconf 90' lang='lat' dir='ltr'><strong>aed</strong></span> <span class='ocrx_word' id='word_1_409' title='bbox 640 4267 734 4327; x_wconf 87' lang='lat' dir='ltr'><strong>eertia</strong></span> <span class='ocrx_word' id='word_1_410' title='bbox 754 4267 921 4330; x_wconf 84' lang='lat' dir='ltr'><strong>rationibua</strong></span> <span class='ocrx_word' id='word_1_411' title='bbox 942 4265 1100 4330; x_wconf 77' lang='lat' dir='ltr'><strong>evincitur.</strong></span> 
     </span>
    </p>
   </div>
   <div class='ocr_carea' id='block_1_4' title="bbox 306 4381 545 4398">
    <p class='ocr_par' dir='ltr' id='par_1_8' title="bbox 306 4381 545 4398">
     <span class='ocr_line' id='line_1_35' title="bbox 306 4381 545 4398; baseline -0.008 0"><span class='ocrx_word' id='word_1_412' title='bbox 306 4381 545 4398; x_wconf 56' lang='lat' dir='ltr'><em>m</em></span> 
     </span>
    </p>
   </div>
   <div class='ocr_carea' id='block_1_5' title="bbox 306 4429 2106 5182">
    <p class='ocr_par' dir='ltr' id='par_1_9' title="bbox 306 4429 1964 4504">
     <span class='ocr_line' id='line_1_36' title="bbox 306 4429 1964 4504; baseline 0.001 -16"><span class='ocrx_word' id='word_1_413' title='bbox 306 4433 333 4504; x_wconf 85' lang='grc' dir='ltr'><strong>Ι)</strong></span> <span class='ocrx_word' id='word_1_414' title='bbox 349 4433 409 4488; x_wconf 80' lang='lat' dir='ltr'><strong>dani</strong></span> <span class='ocrx_word' id='word_1_415' title='bbox 424 4431 450 4486; x_wconf 91' lang='lat' dir='ltr'><strong>in</strong></span> <span class='ocrx_word' id='word_1_416' title='bbox 467 4429 535 4484; x_wconf 86' lang='lat' dir='ltr'><strong>notia</strong></span> <span class='ocrx_word' id='word_1_417' title='bbox 551 4429 586 4484; x_wconf 88' lang='lat' dir='ltr'><strong>ad</strong></span> <span class='ocrx_word' id='word_1_418' title='bbox 604 4429 638 4493; x_wconf 78' lang='lat' dir='ltr'><strong>Q.</strong></span> <span class='ocrx_word' id='word_1_419' title='bbox 654 4429 758 4488; x_wconf 80' lang='lat' dir='ltr'><strong>Horatii</strong></span> <span class='ocrx_word' id='word_1_420' title='bbox 775 4433 814 4486; x_wconf 81' lang='lat' dir='ltr'><strong>l&#39;l.</strong></span> <span class='ocrx_word' id='word_1_421' title='bbox 832 4433 919 4486; x_wconf 75' lang='lat' dir='ltr'><strong>Vitam</strong></span> <span class='ocrx_word' id='word_1_422' title='bbox 936 4438 1004 4488; x_wconf 87' lang='lat' dir='ltr'><strong>anet.</strong></span> <span class='ocrx_word' id='word_1_423' title='bbox 1022 4431 1151 4489; x_wconf 82' lang='lat' dir='ltr'><strong>Suetonio</strong></span> <span class='ocrx_word' id='word_1_424' title='bbox 1173 4431 1262 4487; x_wconf 82' lang='lat' dir='ltr'><strong>Praei.</strong></span> <span class='ocrx_word' id='word_1_425' title='bbox 1289 4430 1324 4486; x_wconf 83' lang='lat' dir='ltr'><strong>T.</strong></span> <span class='ocrx_word' id='word_1_426' title='bbox 1347 4430 1368 4486; x_wconf 91' lang='lat'><strong>1.</strong></span> <span class='ocrx_word' id='word_1_427' title='bbox 1386 4449 1412 4502; x_wconf 91' lang='lat' dir='ltr'><strong>p.</strong></span> <span class='ocrx_word' id='word_1_428' title='bbox 1429 4429 1549 4488; x_wconf 82' lang='lat' dir='ltr'><strong>LXXIV.</strong></span> <span class='ocrx_word' id='word_1_429' title='bbox 1566 4447 1584 4486; x_wconf 88' lang='lat' dir='ltr'><strong>a</strong></span> <span class='ocrx_word' id='word_1_430' title='bbox 1601 4429 1802 4488; x_wconf 82' lang='lat' dir='ltr'><strong>blltaoberlitbio</strong></span> <span class='ocrx_word' id='word_1_431' title='bbox 1820 4438 1848 4488; x_wconf 88' lang='lat' dir='ltr'><strong>et</strong></span> <span class='ocrx_word' id='word_1_432' title='bbox 1864 4433 1920 4488; x_wconf 79' lang='lat' dir='ltr'><strong>Fea</strong></span> <span class='ocrx_word' id='word_1_433' title='bbox 1937 4431 1964 4490; x_wconf 90' lang='lat' dir='ltr'><strong>in</strong></span> 
     </span>
    </p>

    <p class='ocr_par' dir='ltr' id='par_1_10' title="bbox 311 4513 1964 4671">
     <span class='ocr_line' id='line_1_37' title="bbox 311 4513 1963 4585; baseline -0.001 -13"><span class='ocrx_word' id='word_1_434' title='bbox 311 4561 317 4582; x_wconf 76' lang='lat'><strong>,</strong></span> <span class='ocrx_word' id='word_1_435' title='bbox 374 4515 443 4572; x_wconf 85' lang='lat' dir='ltr'><strong>Edd.</strong></span> <span class='ocrx_word' id='word_1_436' title='bbox 462 4515 515 4566; x_wconf 81' lang='lat' dir='ltr'><strong>uuio</strong></span> <span class='ocrx_word' id='word_1_437' title='bbox 532 4513 617 4582; x_wconf 81' lang='lat' dir='ltr'><strong>denup</strong></span> <span class='ocrx_word' id='word_1_438' title='bbox 635 4517 765 4583; x_wconf 81' lang='lat' dir='ltr'><strong>exprenain</strong></span> <span class='ocrx_word' id='word_1_439' title='bbox 782 4531 859 4570; x_wconf 84' lang='lat' dir='ltr'><strong>uanm</strong></span> <span class='ocrx_word' id='word_1_440' title='bbox 875 4515 956 4574; x_wconf 81' lang='lat' dir='ltr'><strong>arada</strong></span> <span class='ocrx_word' id='word_1_441' title='bbox 972 4515 1155 4585; x_wconf 71' lang='lat' dir='ltr'><strong>Porphyrionis</strong></span> <span class='ocrx_word' id='word_1_442' title='bbox 1171 4519 1358 4582; x_wconf 72' lang='lat' dir='ltr'><strong>testimonium,</strong></span> <span class='ocrx_word' id='word_1_443' title='bbox 1376 4533 1427 4584; x_wconf 85' lang='lat' dir='ltr'><strong>qao</strong></span> <span class='ocrx_word' id='word_1_444' title='bbox 1444 4517 1504 4572; x_wconf 73' lang='lat' dir='ltr'><strong>Vite</strong></span> <span class='ocrx_word' id='word_1_445' title='bbox 1520 4519 1564 4570; x_wconf 86' lang='lat' dir='ltr'><strong>ltln</strong></span> <span class='ocrx_word' id='word_1_446' title='bbox 1581 4517 1709 4574; x_wconf 86' lang='lat' dir='ltr'><strong>Suetonio</strong></span> <span class='ocrx_word' id='word_1_447' title='bbox 1726 4518 1856 4582; x_wconf 85' lang='lat' dir='ltr'><strong>tribuitur,</strong></span> <span class='ocrx_word' id='word_1_448' title='bbox 1874 4535 1890 4572; x_wconf 88' lang='lat' dir='ltr'><strong>a</strong></span> <span class='ocrx_word' id='word_1_449' title='bbox 1907 4519 1963 4571; x_wconf 86' lang='lat' dir='ltr'><strong>Da·</strong></span> 
     </span>
     <span class='ocr_line' id='line_1_38' title="bbox 376 4599 1964 4671; baseline -0.002 -12"><span class='ocrx_word' id='word_1_450' title='bbox 376 4599 516 4666; x_wconf 66' lang='lat' dir='ltr'><strong>eeriolarn</strong></span> <span class='ocrx_word' id='word_1_451' title='bbox 534 4599 595 4664; x_wconf 76' lang='lat' dir='ltr'><strong>(lid.</strong></span> <span class='ocrx_word' id='word_1_452' title='bbox 613 4601 758 4668; x_wconf 80' lang='lat' dir='ltr'><strong>llamburp.</strong></span> <span class='ocrx_word' id='word_1_453' title='bbox 775 4602 800 4654; x_wconf 90' lang='lat' dir='ltr'><strong>ln</strong></span> <span class='ocrx_word' id='word_1_454' title='bbox 815 4605 840 4654; x_wconf 79' lang='lat' dir='ltr'><strong>t.</strong></span> <span class='ocrx_word' id='word_1_455' title='bbox 860 4605 934 4654; x_wconf 73' lang='lat' dir='ltr'><strong>litto.</strong></span> <span class='ocrx_word' id='word_1_456' title='bbox 953 4599 987 4654; x_wconf 85' lang='lat' dir='ltr'><strong>T.</strong></span> <span class='ocrx_word' id='word_1_457' title='bbox 1004 4601 1026 4654; x_wconf 94' lang='lat' dir='ltr'><strong>l.</strong></span> <span class='ocrx_word' id='word_1_458' title='bbox 1044 4601 1131 4655; x_wconf 84' lang='lat' dir='ltr'><strong>Praei</strong></span> <span class='ocrx_word' id='word_1_459' title='bbox 1149 4619 1176 4669; x_wconf 87' lang='lat' dir='ltr'><strong>p.</strong></span> <span class='ocrx_word' id='word_1_460' title='bbox 1193 4602 1303 4670; x_wconf 81' lang='lat' dir='ltr'><strong>vat)</strong></span> <span class='ocrx_word' id='word_1_461' title='bbox 1321 4609 1348 4656; x_wconf 90' lang='lat' dir='ltr'><strong>et</strong></span> <span class='ocrx_word' id='word_1_462' title='bbox 1364 4611 1425 4671; x_wconf 81' lang='lat' dir='ltr'><strong>pont</strong></span> <span class='ocrx_word' id='word_1_463' title='bbox 1442 4617 1500 4656; x_wconf 85' lang='lat' dir='ltr'><strong>eum</strong></span> <span class='ocrx_word' id='word_1_464' title='bbox 1517 4619 1533 4656; x_wconf 89' lang='lat' dir='ltr'><strong>a</strong></span> <span class='ocrx_word' id='word_1_465' title='bbox 1550 4601 1687 4670; x_wconf 75' lang='lat' dir='ltr'><strong>Leninpio</strong></span> <span class='ocrx_word' id='word_1_466' title='bbox 1705 4601 1818 4670; x_wconf 89' lang='lat' dir='ltr'><strong>(Opera.</strong></span> <span class='ocrx_word' id='word_1_467' title='bbox 1836 4605 1862 4658; x_wconf 90' lang='lat' dir='ltr'><strong>in</strong></span> <span class='ocrx_word' id='word_1_468' title='bbox 1879 4603 1964 4658; x_wconf 77' lang='lat' dir='ltr'><strong>iurata</strong></span> 
     </span>
    </p>

    <p class='ocr_par' dir='ltr' id='par_1_11' title="bbox 316 4682 1963 4928">
     <span class='ocr_line' id='line_1_39' title="bbox 316 4682 1963 4758; baseline 0.002 -20"><span class='ocrx_word' id='word_1_469' title='bbox 316 4733 320 4738; x_wconf 94' lang='lat'><strong>.</strong></span> <span class='ocrx_word' id='word_1_470' title='bbox 373 4688 436 4749; x_wconf 73' lang='lat' dir='ltr'><strong>nin.</strong></span> <span class='ocrx_word' id='word_1_471' title='bbox 451 4683 484 4736; x_wconf 83' lang='grc' dir='ltr'><strong>Τ.</strong></span> <span class='ocrx_word' id='word_1_472' title='bbox 493 4682 538 4736; x_wconf 79' lang='lat' dir='ltr'><strong>tv,</strong></span> <span class='ocrx_word' id='word_1_473' title='bbox 556 4687 660 4752; x_wconf 57' lang='lat' dir='ltr'><strong>pilot.)</strong></span> <span class='ocrx_word' id='word_1_474' title='bbox 677 4686 808 4742; x_wconf 73' lang='lat' dir='ltr'><strong>undana</strong></span> <span class='ocrx_word' id='word_1_475' title='bbox 819 4686 906 4740; x_wconf 81' lang='lat' dir='ltr'><strong>attolit</strong></span> <span class='ocrx_word' id='word_1_476' title='bbox 917 4701 950 4740; x_wconf 72' lang='lat' dir='ltr'><strong>ax</strong></span> <span class='ocrx_word' id='word_1_477' title='bbox 962 4685 1106 4740; x_wconf 78' lang='lat' dir='ltr'><strong>Commeat</strong></span> <span class='ocrx_word' id='word_1_478' title='bbox 1125 4688 1160 4740; x_wconf 91' lang='lat' dir='ltr'><strong>ad</strong></span> <span class='ocrx_word' id='word_1_479' title='bbox 1172 4687 1255 4756; x_wconf 74' lang='lat' dir='ltr'><strong>liplat.</strong></span> <span class='ocrx_word' id='word_1_480' title='bbox 1273 4687 1308 4752; x_wconf 91' lang='lat' dir='ltr'><strong>ll,</strong></span> <span class='ocrx_word' id='word_1_481' title='bbox 1321 4692 1344 4740; x_wconf 91' lang='lat' dir='ltr'><strong>l.</strong></span> <span class='ocrx_word' id='word_1_482' title='bbox 1370 4689 1517 4758; x_wconf 79' lang='lat' dir='ltr'><strong>„Apporat‚</strong></span> <span class='ocrx_word' id='word_1_483' title='bbox 1530 4686 1597 4740; x_wconf 70' lang='lat' dir='ltr'><strong>nare</strong></span> <span class='ocrx_word' id='word_1_484' title='bbox 1608 4687 1700 4740; x_wconf 78' lang='lat' dir='ltr'><strong>librant</strong></span> <span class='ocrx_word' id='word_1_485' title='bbox 1716 4687 1824 4742; x_wconf 71' lang='lat' dir='ltr'><strong>donula</strong></span> <span class='ocrx_word' id='word_1_486' title='bbox 1841 4689 1963 4744; x_wconf 69' lang='lat' dir='ltr'><strong>cumn</strong></span> 
     </span>
     <span class='ocr_line' id='line_1_40' title="bbox 373 4769 1963 4842; baseline 0.001 -15"><span class='ocrx_word' id='word_1_487' title='bbox 373 4773 496 4842; x_wconf 77' lang='lat' dir='ltr'><strong>arripiant</strong></span> <span class='ocrx_word' id='word_1_488' title='bbox 513 4784 574 4822; x_wconf 81' lang='lat' dir='ltr'><strong>eane.</strong></span> <span class='ocrx_word' id='word_1_489' title='bbox 611 4769 739 4835; x_wconf 64' lang='lat' dir='ltr'><strong>&amp;juret</strong></span> <span class='ocrx_word' id='word_1_490' title='bbox 749 4771 829 4824; x_wconf 72' lang='lat' dir='ltr'><strong>elion</strong></span> <span class='ocrx_word' id='word_1_491' title='bbox 844 4771 1028 4825; x_wconf 76' lang='lat' dir='ltr'><strong>Saetnniar</strong></span> <span class='ocrx_word' id='word_1_492' title='bbox 1042 4779 1134 4826; x_wconf 72' lang='lat' dir='ltr'><strong>naetoe</strong></span> <span class='ocrx_word' id='word_1_493' title='bbox 1144 4780 1190 4826; x_wconf 87' lang='lat' dir='ltr'><strong>ert.</strong></span> <span class='ocrx_word' id='word_1_494' title='bbox 1226 4772 1297 4826; x_wconf 70' lang='lat' dir='ltr'><strong>Nea</strong></span> <span class='ocrx_word' id='word_1_495' title='bbox 1309 4773 1381 4842; x_wconf 83' lang='lat' dir='ltr'><strong>oparl</strong></span> <span class='ocrx_word' id='word_1_496' title='bbox 1398 4789 1455 4826; x_wconf 80' lang='lat' dir='ltr'><strong>aunt</strong></span> <span class='ocrx_word' id='word_1_497' title='bbox 1471 4773 1581 4842; x_wconf 71' lang='lat' dir='ltr'><strong>epistola</strong></span> <span class='ocrx_word' id='word_1_498' title='bbox 1594 4771 1724 4826; x_wconf 74' lang='lat' dir='ltr'><strong>inuenitur</strong></span> <span class='ocrx_word' id='word_1_499' title='bbox 1736 4775 1859 4842; x_wconf 68' lang='lat' dir='ltr'><strong>Augurii,</strong></span> <span class='ocrx_word' id='word_1_500' title='bbox 1878 4775 1963 4828; x_wconf 77' lang='lat' dir='ltr'><strong>inare-</strong></span> 
     </span>
     <span class='ocr_line' id='line_1_41' title="bbox 370 4847 1962 4928; baseline -0.001 -16"><span class='ocrx_word' id='word_1_501' title='bbox 370 4857 464 4928; x_wconf 83' lang='lat' dir='ltr'><strong>pnntia</strong></span> <span class='ocrx_word' id='word_1_502' title='bbox 479 4853 629 4918; x_wconf 83' lang='lat' dir='ltr'><strong>llorotiuat,</strong></span> <span class='ocrx_word' id='word_1_503' title='bbox 645 4857 715 4922; x_wconf 74' lang='lat' dir='ltr'><strong>prod</strong></span> <span class='ocrx_word' id='word_1_504' title='bbox 729 4875 783 4910; x_wconf 81' lang='grc' dir='ltr'>ιιοιι</span> <span class='ocrx_word' id='word_1_505' title='bbox 801 4855 838 4910; x_wconf 84' lang='lat' dir='ltr'><strong>od</strong></span> <span class='ocrx_word' id='word_1_506' title='bbox 854 4873 883 4911; x_wconf 86' lang='lat' dir='ltr'><strong>aa</strong></span> <span class='ocrx_word' id='word_1_507' title='bbox 900 4871 997 4924; x_wconf 73' lang='lat' dir='ltr'><strong>propre</strong></span> <span class='ocrx_word' id='word_1_508' title='bbox 1014 4857 1129 4926; x_wconf 71' lang='lat' dir='ltr'><strong>pluriam</strong></span> <span class='ocrx_word' id='word_1_509' title='bbox 1145 4857 1272 4911; x_wconf 75' lang='lat' dir='ltr'><strong>mooee‘⁴</strong></span> <span class='ocrx_word' id='word_1_510' title='bbox 1307 4855 1362 4909; x_wconf 83' lang='lat' dir='ltr'><strong>Sed</strong></span> <span class='ocrx_word' id='word_1_511' title='bbox 1380 4857 1489 4910; x_wconf 84' lang='lat' dir='ltr'><strong>alterurn</strong></span> <span class='ocrx_word' id='word_1_512' title='bbox 1502 4847 1591 4912; x_wconf 76' lang='lat' dir='ltr'><strong>&#39;emur</strong></span> <span class='ocrx_word' id='word_1_513' title='bbox 1608 4858 1781 4912; x_wconf 69' lang='lat' dir='ltr'><strong>testimenium</strong></span> <span class='ocrx_word' id='word_1_514' title='bbox 1798 4857 1962 4912; x_wconf 84' lang='lat' dir='ltr'><strong>Seboliaatae</strong></span> 
     </span>
    </p>

    <p class='ocr_par' dir='ltr' id='par_1_12' title="bbox 311 4938 2106 5182">
     <span class='ocr_line' id='line_1_42' title="bbox 311 4938 2076 5010; baseline 0.004 -20"><span class='ocrx_word' id='word_1_515' title='bbox 311 4981 316 4990; x_wconf 93' lang='lat'><strong>.</strong></span> <span class='ocrx_word' id='word_1_516' title='bbox 372 4941 469 4996; x_wconf 80' lang='lat' dir='ltr'><strong>veterio</strong></span> <span class='ocrx_word' id='word_1_517' title='bbox 491 4938 560 5008; x_wconf 87' lang='lat' dir='ltr'><strong>apud</strong></span> <span class='ocrx_word' id='word_1_518' title='bbox 582 4939 723 5005; x_wconf 78' lang='lat' dir='ltr'><strong>cruquiom</strong></span> <span class='ocrx_word' id='word_1_519' title='bbox 745 4942 778 4995; x_wconf 88' lang='lat' dir='ltr'><strong>ad</strong></span> <span class='ocrx_word' id='word_1_520' title='bbox 800 4941 846 4994; x_wconf 87' lang='lat' dir='ltr'><strong>tv.</strong></span> <span class='ocrx_word' id='word_1_521' title='bbox 873 4939 954 4994; x_wconf 77' lang='lat' dir='ltr'><strong>oon.</strong></span> <span class='ocrx_word' id='word_1_522' title='bbox 978 4945 1002 4994; x_wconf 93' lang='lat' dir='ltr'><strong>l.</strong></span> <span class='ocrx_word' id='word_1_523' title='bbox 1028 4943 1108 5008; x_wconf 77' lang='lat' dir='ltr'><strong>quad,</strong></span> <span class='ocrx_word' id='word_1_524' title='bbox 1130 4951 1252 5010; x_wconf 85' lang='lat' dir='ltr'><strong>quantum</strong></span> <span class='ocrx_word' id='word_1_525' title='bbox 1274 4941 1392 5006; x_wconf 77' lang='lat' dir='ltr'><strong>equidem</strong></span> <span class='ocrx_word' id='word_1_526' title='bbox 1408 4943 1474 5009; x_wconf 80' lang='lat' dir='ltr'><strong>acio,</strong></span> <span class='ocrx_word' id='word_1_527' title='bbox 1495 4943 1564 4998; x_wconf 80' lang='lat' dir='ltr'><strong>viror</strong></span> <span class='ocrx_word' id='word_1_528' title='bbox 1580 4942 1674 4998; x_wconf 85' lang='lat' dir='ltr'><strong>doetoa</strong></span> <span class='ocrx_word' id='word_1_529' title='bbox 1691 4942 1774 4996; x_wconf 86' lang='lat' dir='ltr'><strong>adbne</strong></span> <span class='ocrx_word' id='word_1_530' title='bbox 1791 4942 1866 5010; x_wconf 70' lang='lat' dir='ltr'><strong>sopit,</strong></span> <span class='ocrx_word' id='word_1_531' title='bbox 1883 4943 1962 4996; x_wconf 79' lang='lat' dir='ltr'><strong>etim</strong></span> <span class='ocrx_word' id='word_1_532' title='bbox 2071 4955 2076 4962; x_wconf 87' lang='lat'><strong>·</strong></span> 
     </span>
     <span class='ocr_line' id='line_1_43' title="bbox 373 5017 1962 5096; baseline -0.001 -16"><span class='ocrx_word' id='word_1_533' title='bbox 373 5017 638 5092; x_wconf 70' lang='lat' dir='ltr'><strong>Venderburpinniin</strong></span> <span class='ocrx_word' id='word_1_534' title='bbox 654 5027 722 5080; x_wconf 87' lang='lat' dir='ltr'><strong>notia</strong></span> <span class='ocrx_word' id='word_1_535' title='bbox 740 5025 775 5078; x_wconf 82' lang='lat' dir='ltr'><strong>ad</strong></span> <span class='ocrx_word' id='word_1_536' title='bbox 792 5025 870 5080; x_wconf 84' lang='lat' dir='ltr'><strong>ritrru</strong></span> <span class='ocrx_word' id='word_1_537' title='bbox 886 5025 953 5080; x_wconf 84' lang='lat' dir='ltr'><strong>lior.</strong></span> <span class='ocrx_word' id='word_1_538' title='bbox 963 5025 1012 5082; x_wconf 74' lang='lat' dir='ltr'><strong>ed.</strong></span> <span class='ocrx_word' id='word_1_539' title='bbox 1029 5025 1145 5080; x_wconf 77' lang='lat' dir='ltr'><strong>odarum</strong></span> <span class='ocrx_word' id='word_1_540' title='bbox 1162 5026 1196 5080; x_wconf 84' lang='lat' dir='ltr'><strong>T.</strong></span> <span class='ocrx_word' id='word_1_541' title='bbox 1214 5027 1236 5080; x_wconf 91' lang='lat' dir='ltr'><strong>l.</strong></span> <span class='ocrx_word' id='word_1_542' title='bbox 1253 5026 1341 5079; x_wconf 84' lang='lat' dir='ltr'><strong>Praei</strong></span> <span class='ocrx_word' id='word_1_543' title='bbox 1360 5043 1385 5096; x_wconf 89' lang='lat' dir='ltr'><strong>p.</strong></span> <span class='ocrx_word' id='word_1_544' title='bbox 1403 5028 1498 5082; x_wconf 82' lang='lat' dir='ltr'><strong>LVlll.</strong></span> <span class='ocrx_word' id='word_1_545' title='bbox 1517 5029 1636 5094; x_wconf 84' lang='lat' dir='ltr'><strong>adeoque</strong></span> <span class='ocrx_word' id='word_1_546' title='bbox 1653 5025 1819 5091; x_wconf 79' lang='lat' dir='ltr'><strong>liiebterom,</strong></span> <span class='ocrx_word' id='word_1_547' title='bbox 1836 5025 1880 5091; x_wconf 80' lang='lat' dir='ltr'><strong>qni</strong></span> <span class='ocrx_word' id='word_1_548' title='bbox 1895 5039 1962 5094; x_wconf 86' lang='lat' dir='ltr'><strong>opa-</strong></span> 
     </span>
     <span class='ocr_line' id='line_1_44' title="bbox 375 5109 2106 5182; baseline 0 -17"><span class='ocrx_word' id='word_1_549' title='bbox 375 5122 436 5166; x_wconf 79' lang='lat' dir='ltr'><strong>rora</strong></span> <span class='ocrx_word' id='word_1_550' title='bbox 452 5109 584 5179; x_wconf 71' lang='lat' dir='ltr'><strong>diligentia</strong></span> <span class='ocrx_word' id='word_1_551' title='bbox 600 5125 682 5181; x_wconf 83' lang='lat' dir='ltr'><strong>nuper</strong></span> <span class='ocrx_word' id='word_1_552' title='bbox 698 5109 787 5168; x_wconf 80' lang='lat' dir='ltr'><strong>vum</strong></span> <span class='ocrx_word' id='word_1_553' title='bbox 800 5111 870 5166; x_wconf 82' lang='lat' dir='ltr'><strong>illam</strong></span> <span class='ocrx_word' id='word_1_554' title='bbox 884 5111 965 5180; x_wconf 70' lang='lat' dir='ltr'><strong>largit</strong></span> <span class='ocrx_word' id='word_1_555' title='bbox 982 5110 1039 5168; x_wconf 77' lang='lat' dir='ltr'><strong>Vi.</strong></span> <span class='ocrx_word' id='word_1_556' title='bbox 1053 5110 1113 5168; x_wconf 84' lang='lat' dir='ltr'><strong>ott.</strong></span> <span class='ocrx_word' id='word_1_557' title='bbox 1129 5111 1317 5168; x_wconf 71' lang='lat' dir='ltr'><strong>emmeno</strong></span> <span class='ocrx_word' id='word_1_558' title='bbox 1332 5113 1484 5170; x_wconf 74' lang='lat' dir='ltr'><strong>ineundam</strong></span> <span class='ocrx_word' id='word_1_559' title='bbox 1498 5112 1622 5182; x_wconf 63' lang='lat' dir='ltr'><strong>augum</strong></span> <span class='ocrx_word' id='word_1_560' title='bbox 1638 5113 1764 5170; x_wconf 78' lang='lat' dir='ltr'><strong>volumina</strong></span> <span class='ocrx_word' id='word_1_561' title='bbox 1781 5109 1868 5166; x_wconf 87' lang='lat' dir='ltr'><strong>edidit.</strong></span> <span class='ocrx_word' id='word_1_562' title='bbox 1875 5109 1959 5165; x_wconf 77' lang='lat' dir='ltr'><strong>zan·</strong></span> <span class='ocrx_word' id='word_1_563' title='bbox 2096 5145 2106 5156; x_wconf 86' lang='lat'><strong>·</strong></span> 
     </span>
    </p>
   </div>
   <div class='ocr_carea' id='block_1_6' title="bbox 0 0 2407 5972">
    <p class='ocr_par' dir='ltr' id='par_1_13' title="bbox 0 0 2407 5972">
     <span class='ocr_line' id='line_1_45' title="bbox 0 0 2407 5972; baseline 0 0"><span class='ocrx_word' id='word_1_564' title='bbox 0 0 2407 5972; x_wconf 95' lang='lat' dir='ltr'><strong> </strong></span> 
     </span>
    </p>
   </div>
  </div>
 </body>
</html>
