4804 5974
1267 389 1401 498 4⁴9³...

495 581 613 666 Satires
630 602 741 665 tertiae
762 599 889 663 exordio
913 597 1062 678 Tigellino
1080 593 1198 664 Sardos
1220 595 1341 672 dicitur,
1361 596 1468 672 hioin
1489 592 1595 660 cuda·
1609 593 1716 662 'Satin
1734 615 1764 662 s.
1784 597 2059 682 ltnstmpltuiter
2071 597 2174 669 neu·

478 719 642 803 'mogenes
664 725 796 782 nocetur.
839 719 882 779 Et
903 717 1107 797 Hermogenis
1135 735 1244 778 nomen
1266 715 1460 797 peregrinum
1491 736 1526 779 uc
1548 717 1698 780 Graecum
1720 724 1784 794 est,
1819 726 1851 782 et
1878 719 1967 783 Surdi
1995 719 2160 800 appellatio

432 811 439 820 ⁶
496 847 531 904 nt
553 841 720 919 peregrini,
743 837 881 918 primitus
904 836 1026 916 quidem
1047 836 1176 915 putrium
1198 835 1369 914 designuns,
1391 835 1422 894 in
1442 853 1612 914 cognomen
1633 838 1744 899 abiisse
1766 837 1903 912 uidetur,
1931 843 1967 898 ut
1987 837 2071 918 Syri,
2093 835 2157 917 Ly-

450 963 453 979 ‘
492 958 535 1033 di,
557 957 661 1031 Siculi,
682 955 789 1030 Marsi,
812 955 928 1015 Sabini.
986 953 1160 1034 Tigellii
1191 971 1302 1015 nomen
1323 953 1449 1030 utrique
1469 971 1629 1014 commune
1649 973 1722 1016 rere
1743 955 1909 1044 Romanunm
1931 959 1997 1029 est,
2030 954 2104 1016 licet
2125 953 2159 1018 i!

494 1075 637 1157 gentibus
659 1075 800 1152 untiquue
820 1073 936 1135 Romue
958 1087 1019 1132 nou
1040 1077 1229 1133 memoretur
1249 1071 1334 1149 (num
1356 1089 1436 1149 quse
1457 1074 1506 1132 est
1527 1070 1609 1150 apud
1631 1073 1797 1136 Gruterum
1826 1075 1857 1134 in
1880 1071 2178 1151 Tiresninsoriptio,

493 1192 583 1256 Rom
604 1212 635 1273 p.
656 1193 729 1254 924.
752 1191 926 1268 „Manilius
943 1191 1097 1271 Tigellino
1120 1188 1165 1252 M.
1186 1189 1226 1252 1⁴¹.
1246 1189 1447 1282 Potegtotte‘*
1460 1265 1463 1272 Ι
1476 1181 1543 1251 eum
1571 1193 1623 1252 aut
1651 1190 1802 1271 Augustei
1831 1195 1884 1251 eust
1912 1191 2038 1253 serioris
2068 1190 2158 1255 etltm

494 1333 565 1376 esse
586 1312 650 1372 ueri
672 1306 826 1393 arbitror).
869 1309 947 1370 Ilum
968 1309 1012 1370 sie
1033 1327 1067 1368 se
1089 1308 1203 1372 habere
1224 1281 1331 1388 pulos
1355 1307 1505 1389 Tigellius
1527 1307 1942 1386 Sordes,1³numeuenepor
1964 1303 2033 1390 (qui
2048 1313 2079 1369 et
2091 1308 2160 1388 ipso

494 1429 625 1504 Surdus,
653 1428 787 1488 fortusse
806 1427 956 1503 libertus,
979 1427 1044 1507 jum
1072 1399 1153 1488 circu
1181 1427 1346 1488 Ciceronis,
1364 1426 1557 1488 consulutum
1575 1427 1689 1506 ,opibus
1718 1431 1752 1488 et
1779 1425 1960 1486 auetorititc
1986 1421 2106 1508 florurit)
2127 1425 2160 1491 in

482 1525 618 1630 'gentem
642 1545 804 1626 Tigellium
826 1545 986 1623 aliquando
1009 1563 1190 1624 quocunque
1209 1545 1301 1606 modo
1323 1544 1511 1625 udsnriptus,
1534 1543 1622 1608 Surdi
1643 1562 1810 1622 cognomen
1830 1543 1966 1603 retinuit.
2009 1542 2069 1620 Qui
2088 1559 2159 1608 cum

493 1670 528 1729 et
555 1669 646 1726 cuntu
675 1669 707 1724 et
728 1663 848 1724 lucetiis
870 1664 933 1724 suis
954 1681 988 1722 se
1010 1681 1080 1726 mox
1100 1663 1133 1724 iu
1152 1662 1226 1724 lulli
1245 1663 1386 1724 tiuesuris
1407 1663 1597 1742 otiosumque
1618 1681 1779 1742 procerum
1802 1660 1929 1741 grstium
1952 1666 1984 1722 et
2003 1659 2159 1724 iumihari-

492 1787 588 1846 tstem
610 1783 812 1855 insinuasset,
844 1781 1027 1859 Cleopatrae
1042 1799 1174 1862 'qnoque
1194 1782 1321 1862 reginue
1339 1787 1501 1862 deceptus,
1530 1781 1562 1843 in
1591 1780 1681 1844 oleris
1702 1786 1733 1842 et
1753 1780 1931 1860 potentibus
1951 1778 2066 1842 Romae
2085 1779 2160 1845 virio

493 1903 597 1980 coepit
616 1901 685 1979 ipae
705 1899 820 1960 heberi
862 1897 892 1959 le
915 1917 989 1979 ergo
1010 1899 1255 1981 Hermogenem,
1285 1905 1318 1962 et
1337 1899 1455 1962 bulluuri
1471 1900 1625 1961 huminem
1647 1904 1679 1960 et
1701 1899 1840 1960 eximium
1862 1903 2018 1959 centonem
2039 1901 2072 1960 ct
2091 1917 2158 1961 mo·

493 2019 674 2093 dulciorem,
695 2016 745 2076 nel
766 2022 895 2096 propter
915 2019 1204 2098 consanguinitatem
1227 2018 1367 2098 aliquam,
1388 2017 1438 2079 sel
1459 2023 1589 2096 propter
1610 2015 1682 2076 sutis
1702 2016 1942 2078 communionem
1964 2015 2022 2076 sibi
2040 2022 2159 2096 gruterus

493 2144 526 2198 et
548 2155 660 2209 cunum,
680 2135 713 2194 in
733 2134 791 2194 lilii
812 2133 915 2196 locum
937 2136 1100 2215 adoptusse
1121 2138 1254 2211 videtur,
1274 2141 1308 2198 ut
1328 2137 1426 2217 ipsius
1448 2153 1558 2198 nomen
1578 2134 1631 2196 ille
1649 2134 1814 2213 acciperet,
1836 2132 2040 2213 Hermogenis
2051 2133 2159 2214 uppet-

493 2253 607 2314 lotione
629 2271 687 2332 pro
708 2252 888 2333 cognomine
908 2259 1040 2314 retenta.
1082 2253 1170 2316 Hune
1200 2256 1376 2336 opinionem
1402 2255 1443 2323 de
1470 2254 1666 2334 Hermogene
1695 2251 1760 2318 filio
1790 2250 1915 2331 Tigellii
1935 2251 2077 2330 udoptivo
2093 2251 2157 2332 joa

493 2372 566 2434 olim
587 2391 605 2433 ι
628 2369 798 2430 Wielundio
820 2370 858 2430 ud
880 2369 943 2432 Sut.
966 2373 1018 2432 10.
1039 2377 1104 2434 not.
1128 2375 1179 2436 18.
1200 2376 1388 2454 propositum
1410 2373 1436 2434 si
1454 2377 1614 2446 tenemus,
1638 2371 1788 2456 tutionem
1810 2370 1901 2436 etism
1918 2367 2160 2443 momontum

490 2493 563 2570 post
585 2486 713 2564 Sotirem
735 2485 859 2544 ulterum
881 2489 914 2545 ct
934 2488 1057 2546 tertium
1086 2491 1207 2552 demeum
1236 2492 1348 2551 editum
1377 2491 1544 2550 simultutes
1573 2491 1656 2548 iuter
1684 2487 1845 2548 Horutium
1874 2493 1906 2546 et
1934 2487 2159 2568 Hermogenem

489 2606 609 2680 initium
632 2604 752 2682 cepisse
772 2603 948 2678 rideantur,
977 2622 1047 2691 cum
1073 2590 1118 2665 in*
1132 2604 1197 2666 Set.
1219 2605 1250 2666 ³.
1271 2624 1298 2666 v.
1322 2605 1394 2666 120.
1421 2605 1511 2685 leupus
1538 2609 1574 2665 ut
1601 2603 1709 2682 optimi
1737 2603 1870 2664 centoris
1898 2607 1930 2664 et
1957 2602 2158 2668 modudutoria

358 2775 368 2794 ,
491 2719 749 2806 perhonorificum
777 2721 870 2780 etium
897 2711 1083 2784 mentionem
1112 2725 1206 2802 podia
1231 2723 1367 2784 iecisset.
1411 2714 1474 2784 Sed
1501 2720 1588 2784 illum
1616 2719 1703 2784 nobis
1734 2720 1893 2800 fingimus,
1928 2739 1997 2784 cnm
2031 2723 2160 2802 prmum
2253 2777 2256 2786 .

468 2819 589 2928 ¹putu-is
610 2838 747 2900 defuncti
767 2831 912 2899 leviorem
935 2839 966 2900 in
988 2839 1109 2902 Sutiruo
1130 2841 1282 2904 secsrndne
1303 2839 1428 2902 exordio
1448 2819 1629 2900 'irrisionem
1657 2837 1779 2900 silentio
1807 2837 1948 2912 udisset,
1976 2839 2073 2902 ultero
2099 2841 2157 2905 hac

491 2959 523 3021 in
546 2958 647 3018 Sutiru
667 2957 761 3018 tertie
783 2957 989 3036 descriptione
1011 2959 1131 3038 gresim
1154 2959 1377 3034 exacerbatum,
1403 2963 1471 3020 tum
1491 2956 1612 3020 demum
1640 2955 1763 3020 Horatii
1791 2957 2032 3026 obtrectutorenn
2057 2959 2175 3042 eguee·

489 3077 620 3159 ejusque
640 3073 773 3154 Helogus
796 3074 893 3170 udinnc
916 3075 1013 3136 editas
1034 3081 1070 3136 nt
1092 3095 1200 3155 purum
1221 3078 1324 3155 perite
1346 3077 1512 3138 modulatas
1535 3076 1718 3156 erogitassc.
1768 3075 1851 3138 Hinc
1877 3075 2076 3156 intelligitnn,
2102 3097 2158 3144 cur

488 3197 582 3276 poen
610 3199 716 3255 noster
741 3185 774 3253 in
803 3191 903 3252 Satiru
932 3197 1039 3271 quurtu
1067 3197 1100 3254 et
1121 3193 1252 3270 decimu,
1274 3198 1405 3273 utraque
1433 3199 1540 3256 octuro
1567 3193 1691 3254 demum
1721 3209 1799 3254 auno
1828 3191 2046 3284 postTigellii
2068 3193 2157 3264 Surdl

490 3313 606 3375 obitum
627 3311 752 3388 scriptu,
774 3309 908 3386 iniquius
929 3309 960 3370 in
983 3309 1208 3388 Hermogenem
1229 3313 1365 3372 invectus
1387 3311 1438 3372 sit.
1487 3310 1550 3370 Sed
1571 3315 1642 3370 utut
1661 3310 1739 3398 lruec
1759 3309 1902 3384 demum,
1930 3311 1991 3372 lroe
2012 3318 2098 3378 certe
2120 3333 2158 3376 ex
2258 3336 2261 3342 ·

489 3431 528 3492 tiu
551 3445 630 3507 qnue
645 3425 750 3486 udhuc
772 3425 1000 3504 disputavimus,
1023 3431 1164 3488 eonstme
1185 3431 1273 3505 puto,
1294 3428 1382 3486 umbo
1403 3431 1543 3488 curatores
1562 3442 1627 3488 uon
1647 3429 1748 3488 aetate
1769 3428 1913 3504 uitueque
1933 3411 2157 3495 conditionibus

413 3605 420 3614 ,
490 3544 589 3609 aulum
611 3543 667 3605 sed
687 3541 857 3604 nominibus
879 3537 971 3604 e’tiam
991 3544 1074 3606 iuter
1093 3563 1130 3605 sc
1150 3543 1375 3624 discrepantes,
1396 3545 1574 3624 unctionum
1597 3545 1633 3607 iu
1652 3563 1740 3606 unum
1763 3563 1832 3606 esse
1854 3561 2014 3624 personans
2035 3555 2156 3612 cunutus·⁴

490 3663 620 3738 luendus,
642 3679 701 3724 nee
720 3659 767 3723 M.
790 3659 956 3742 Tigellium
974 3662 1211 3744 Hennogcnem,
1227 3664 1384 3744 juniorem
1401 3663 1488 3724 illium
1510 3668 1675 3739 oanmrum,
1696 3663 1749 3726 vel
1767 3663 1849 3744 opud
1862 3663 2044 3730 Ciceronem
2059 3683 2156 3749 qua*

490 3783 620 3844 rendum
642 3791 722 3854 esse,
744 3779 794 3841 vel
814 3765 897 3860 apud
916 3781 1080 3843 Horatium
1101 3783 1134 3844 in
1155 3781 1275 3844 Satin-ue
1296 3783 1446 3844 secnndse
1468 3787 1501 3844 et
1519 3783 1631 3844 tertiue
1654 3783 1797 3847 exordiis.

431 3905 484 3969 18.
576 3899 613 3960 ll.
656 3897 751 3960 Num
771 3897 940 3960 Horatio
963 3901 1191 3983 aimultutes
1213 3917 1295 3962 cum
1318 3899 1500 3981 Tigellio
1520 3899 1645 3962 Surdo
1665 3899 1833 3961 inerint.
1882 3895 2003 3977 Restat,
2023 3906 2060 3964 nt
2078 3919 2155 3986 pau·

488 4019 533 4082 cis
555 4010 749 4079 ostendamus
769 4015 854 4092 quod
876 4035 913 4077 er
934 4035 1026 4096 supro
1049 4019 1138 4080 dictis
1155 4019 1221 4098 Jum
1242 4017 1345 4098 utiquo
1363 4017 1456 4079 modo
1478 4024 1589 4098 putero
1610 4018 1784 4099 opinemur,
1806 3993 1936 4080 Horutio
1955 4035 2025 4080 cnm
2048 4018 2155 4104 Tigel-

489 4135 533 4200 lio
553 4135 671 4216 manre
692 4151 750 4198 nec
773 4135 1022 4198 consuetudinem
1045 4135 1175 4216 uliquam
1197 4155 1255 4200 nec
1276 4136 1369 4198 nilum
1389 4136 1817 4218 cimelium-intercessisse,
1846 4142 1882 4198 ut
1913 4155 1991 4215 qune
2019 4111 2061 4200 de
2084 4139 2156 4222 ipso

490 4255 598 4319 retulit
620 4254 649 4316 in
673 4249 792 4312 Satirue
813 4253 965 4314 secundae
986 4258 1020 4316 et
1039 4255 1154 4320 tertiae,
1169 4255 1320 4331 exordiis,
1348 4274 1408 4316 non
1434 4255 1496 4317 ulla
1523 4254 1710 4336 malignitate
1738 4261 1790 4316 aut
1811 4255 1869 4336 eui
1880 4253 2048 4326 ulciscendi
2068 4258 2155 4340 cupi·

489 4374 562 4436 dine
583 4371 723 4454 puniceis
743 4387 814 4432 esse
834 4377 987 4450 nppureut.
1029 4373 1111 4436 Auro
1132 4371 1236 4434 Sctrol.
1265 4373 1491 4436 inimicitiurum
1512 4373 1598 4436 inter
1613 4378 1777 4453 utrumque
1797 4390 1916 4434 causam
1938 4373 2017 4438 hunc
2036 4375 2153 4442 referta

491 4491 546 4568 „lo
557 4491 698 4550 carmina
712 4486 844 4552 Horatii
854 4489 994 4572 negabat
1004 4493 1088 4554 sutri
1096 4493 1203 4572 perite
1216 4491 1392 4568 modulatu,
1412 4491 1575 4554 etidcirco
1590 4493 1731 4573 carpitam
1745 4490 1784 4552 nd
1794 4491 1880 4554 edon
1901 4492 2067 4569 Qnueritur
2077 4511 2154 4575 ergo

492 4626 638 4687 quaenam
660 4607 790 4670 curmina
810 4607 862 4669 illu
882 4609 1013 4688 intelligi
1034 4610 1163 4688 possint.
1206 4609 1420 4671 Secundum
1440 4615 1527 4672 certe
1548 4609 1735 4684 Setinum,
1764 4609 1796 4670 in
1819 4628 1877 4688 qua
1897 4591 2061 4689 Tigellium
2079 4627 2153 4694 pro·

489 4723 570 4788 xime
592 4721 768 4786 detrinetum
789 4723 896 4801 reden,
918 4727 1024 4804 plures
1047 4728 1085 4788 ob
1107 4729 1239 4790 rationes
1262 4727 1394 4790 omnium
1413 4726 1483 4790 iere
1504 4729 1705 4808 interpretum
1720 4699 1883 4808 ‚coniemu
1908 4745 2011 4792 urnam⁴
2029 4747 2068 4790 er
2086 4731 2153 4812 pri⁴

489 4843 547 4906 mis
569 4843 680 4922 podtue
700 4840 930 4914 nostriietibus
950 4837 1049 4906 luniso
1069 4863 1237 4922 censemus,
1258 4865 1350 4924 quem
1372 4846 1500 4925 septima
1513 4847 1663 4909 dnuaat'
1671 4845 1770 4908 Satin
1790 4846 1837 4907 de
1856 4843 2020 4924 Rupilio
2041 4846 2153 4931 Rege

376 4980 380 4986 ·
489 4952 631 5042 tompore
651 4959 863 5037 praecesserit
907 4961 1236 5042 Circumspectantilrus
1264 4964 1360 5046 igitur
1380 4964 1529 5028 ‘nobiset
1548 4963 1672 5026 cutione
1690 4965 1725 5026 in
1745 4963 1798 5028 illa
1817 4960 1950 5026 ceruina
1966 4963 2151 5044 inquirenti·

321 5065 323 5072 ’
481 5079 549 5142 -bus
570 5075 614 5141 nil
634 5074 696 5142 uisi
714 5075 793 5140 nuuc
813 5093 873 5144 unu
892 5077 1202 5166 mernsmaliulogu
1225 5101 1285 5164 quc
1297 5083 1428 5166 primum
1441 5082 1662 5166 quedammodo
1674 5085 1767 5169 positu
1780 5079 2019 5164 emerimoutum
2037 5084 2152 5168 ingenit
